@article{vohs2007spent,
	Author = {Vohs, Kathleen D and Faber, Ronald J},
	Date-Added = {2013-09-27 13:22:42 +0000},
	Date-Modified = {2013-09-27 13:22:42 +0000},
	Journal = {Journal of Consumer Research},
	Publisher = {Univ of Chicago Press},
	Title = {Spent Resources: Self-Regulatory Resource Availability Affects Impulse Buying.},
	date = {2007}		}			