@ARTICLE{Egg1975,
  author = {Egg, Rudolf E.},
  title = {{S}ozialtherapie in {E}rlangen: {M}ethoden und erste {A}uswirkungen
    einer {V}ersuchs- und {E}rprobungsanstalt},
  journal = {Bew√§hrungshilfe},
  year = {1975},
  volume = {22},
  pages = {87-102},
  hyphenation = {german},
  owner = {adessec},
  timestamp = {2012.12.11}
}