%% This BibTeX bibliography file was created using BibDesk.
%% http://bibdesk.sourceforge.net/


%% Created for Christian Buerckel at 2013-10-07 01:33:51 +0200 


%% Saved with string encoding Unicode (UTF-8) 



@article{theclash,
	Author = {The Clash},
	Date-Added = {2013-09-29 22:53:08 +0000},
	Date-Modified = {2013-09-29 23:00:41 +0000},
	Journal = {CBS Records},
	Title = {"Sould I stay, or should i go?" From the album Combat Rock},
	Year = {1982}}

@article{vohs2007spent,
	Author = {Vohs, Kathleen D and Faber, Ronald J},
	Date-Added = {2013-09-27 13:22:42 +0000},
	Date-Modified = {2013-09-27 13:22:42 +0000},
	Journal = {Journal of Consumer Research},
	Publisher = {Univ of Chicago Press},
	Title = {Spent Resources: Self-Regulatory Resource Availability Affects Impulse Buying.},
	Year = {2007}}

@article{frederick2005cognitive,
	Author = {Frederick, Shane},
	Date-Added = {2013-08-31 15:30:58 +0000},
	Date-Modified = {2013-08-31 15:30:58 +0000},
	Journal = {The Journal of Economic Perspectives},
	Number = {4},
	Pages = {25--42},
	Publisher = {JSTOR},
	Title = {Cognitive reflection and decision making},
	Volume = {19},
	Year = {2005},
	Bdsk-File-1 = {YnBsaXN0MDDUAQIDBAUGJCVYJHZlcnNpb25YJG9iamVjdHNZJGFyY2hpdmVyVCR0b3ASAAGGoKgHCBMUFRYaIVUkbnVsbNMJCgsMDxJXTlMua2V5c1pOUy5vYmplY3RzViRjbGFzc6INDoACgAOiEBGABIAFgAdccmVsYXRpdmVQYXRoWWFsaWFzRGF0YV8QLC4uLy4uLy4uLy4uL0Rvd25sb2Fkcy9GcmVkZXJpY2tfQ1JUXzIwMDUucGRm0hcLGBlXTlMuZGF0YU8RAaQAAAAAAaQAAgAADE1hY2ludG9zaCBIRAAAAAAAAAAAAAAAAAAAAM3JFUpIKwAAAAXAvhZGcmVkZXJpY2tfQ1JUXzIwMDUucGRmAAAAAAAAAAAAAAAAAAAAAAAAAAAAAAAAAAAAAAAAAAAAAAAAAAAAAAAACpRezkfYswAAAAAAAAAAAAQAAgAACSAAAAAAAAAAAAAAAAAAAAAJRG93bmxvYWRzAAAQAAgAAM3I+SoAAAARAAgAAM5HvJMAAAABAAwABcC+AAXAuwACEikAAgA/TWFjaW50b3NoIEhEOlVzZXJzOgBCdWVyY2tlbDoARG93bmxvYWRzOgBGcmVkZXJpY2tfQ1JUXzIwMDUucGRmAAAOAC4AFgBGAHIAZQBkAGUAcgBpAGMAawBfAEMAUgBUAF8AMgAwADAANQAuAHAAZABmAA8AGgAMAE0AYQBjAGkAbgB0AG8AcwBoACAASABEABIAL1VzZXJzL0J1ZXJja2VsL0Rvd25sb2Fkcy9GcmVkZXJpY2tfQ1JUXzIwMDUucGRmAAATAAEvAAAVAAIAD///AACABtIbHB0eWiRjbGFzc25hbWVYJGNsYXNzZXNdTlNNdXRhYmxlRGF0YaMdHyBWTlNEYXRhWE5TT2JqZWN00hscIiNcTlNEaWN0aW9uYXJ5oiIgXxAPTlNLZXllZEFyY2hpdmVy0SYnVHJvb3SAAQAIABEAGgAjAC0AMgA3AEAARgBNAFUAYABnAGoAbABuAHEAcwB1AHcAhACOAL0AwgDKAnICdAJ5AoQCjQKbAp8CpgKvArQCwQLEAtYC2QLeAAAAAAAAAgEAAAAAAAAAKAAAAAAAAAAAAAAAAAAAAuA=}}

@article{rossidevelopment,
	Author = {Rossi, Sandrine and Cassotti, Mathieu and Agogu{\'e}, Marine and De Neys, Wim},
	Date-Added = {2013-08-22 14:29:38 +0000},
	Date-Modified = {2013-08-22 14:29:38 +0000},
	Title = {Development of Substitution Bias Sensitivity: Are Adolescents Happy Fools?},
	Bdsk-File-1 = {YnBsaXN0MDDUAQIDBAUGJCVYJHZlcnNpb25YJG9iamVjdHNZJGFyY2hpdmVyVCR0b3ASAAGGoKgHCBMUFRYaIVUkbnVsbNMJCgsMDxJXTlMua2V5c1pOUy5vYmplY3RzViRjbGFzc6INDoACgAOiEBGABIAFgAdccmVsYXRpdmVQYXRoWWFsaWFzRGF0YV8QIy4uLy4uLy4uLy4uL0Rvd25sb2Fkcy9wYXBlcjA1OTEucGRm0hcLGBlXTlMuZGF0YU8RAX4AAAAAAX4AAgAADE1hY2ludG9zaCBIRAAAAAAAAAAAAAAAAAAAAM3JFUpIKwAAAAXAvg1wYXBlcjA1OTEucGRmAAAAAAAAAAAAAAAAAAAAAAAAAAAAAAAAAAAAAAAAAAAAAAAAAAAAAAAAAAAAAAAAAAAADucozjvsv1BERiAAAAAAAAQAAgAACSAAAAAAAAAAAAAAAAAAAAAJRG93bmxvYWRzAAAQAAgAAM3I+SoAAAARAAgAAM470J8AAAABAAwABcC+AAXAuwACEikAAgA2TWFjaW50b3NoIEhEOlVzZXJzOgBCdWVyY2tlbDoARG93bmxvYWRzOgBwYXBlcjA1OTEucGRmAA4AHAANAHAAYQBwAGUAcgAwADUAOQAxAC4AcABkAGYADwAaAAwATQBhAGMAaQBuAHQAbwBzAGgAIABIAEQAEgAmVXNlcnMvQnVlcmNrZWwvRG93bmxvYWRzL3BhcGVyMDU5MS5wZGYAEwABLwAAFQACAA///wAAgAbSGxwdHlokY2xhc3NuYW1lWCRjbGFzc2VzXU5TTXV0YWJsZURhdGGjHR8gVk5TRGF0YVhOU09iamVjdNIbHCIjXE5TRGljdGlvbmFyeaIiIF8QD05TS2V5ZWRBcmNoaXZlctEmJ1Ryb290gAEACAARABoAIwAtADIANwBAAEYATQBVAGAAZwBqAGwAbgBxAHMAdQB3AIQAjgC0ALkAwQJDAkUCSgJVAl4CbAJwAncCgAKFApIClQKnAqoCrwAAAAAAAAIBAAAAAAAAACgAAAAAAAAAAAAAAAAAAAKx}}

@article{ditto2006visceral,
	Author = {Ditto, Peter H and Pizarro, David A and Epstein, Eden B and Jacobson, Jill A and MacDonald, Tara K},
	Date-Added = {2013-08-16 11:03:26 +0000},
	Date-Modified = {2013-08-16 11:03:26 +0000},
	Journal = {Journal of Behavioral Decision Making},
	Number = {2},
	Pages = {99--113},
	Publisher = {Wiley Online Library},
	Title = {Visceral influences on risk-taking behavior},
	Volume = {19},
	Year = {2006},
	Bdsk-File-1 = {YnBsaXN0MDDUAQIDBAUGJCVYJHZlcnNpb25YJG9iamVjdHNZJGFyY2hpdmVyVCR0b3ASAAGGoKgHCBMUFRYaIVUkbnVsbNMJCgsMDxJXTlMua2V5c1pOUy5vYmplY3RzViRjbGFzc6INDoACgAOiEBGABIAFgAdccmVsYXRpdmVQYXRoWWFsaWFzRGF0YV8QLC4uLy4uLy4uLy4uL0Rvd25sb2Fkcy8zMmJmZTUxMTI3ZGNkYmZjN2QucGRm0hcLGBlXTlMuZGF0YU8RAaQAAAAAAaQAAgAADE1hY2ludG9zaCBIRAAAAAAAAAAAAAAAAAAAAM3JFUpIKwAAAAXAvhYzMmJmZTUxMTI3ZGNkYmZjN2QucGRmAAAAAAAAAAAAAAAAAAAAAAAAAAAAAAAAAAAAAAAAAAAAAAAAAAAAAAAACPmDzjPTeQAAAAAAAAAAAAQAAgAACSAAAAAAAAAAAAAAAAAAAAAJRG93bmxvYWRzAAAQAAgAAM3I+SoAAAARAAgAAM4zt1kAAAABAAwABcC+AAXAuwACEikAAgA/TWFjaW50b3NoIEhEOlVzZXJzOgBCdWVyY2tlbDoARG93bmxvYWRzOgAzMmJmZTUxMTI3ZGNkYmZjN2QucGRmAAAOAC4AFgAzADIAYgBmAGUANQAxADEAMgA3AGQAYwBkAGIAZgBjADcAZAAuAHAAZABmAA8AGgAMAE0AYQBjAGkAbgB0AG8AcwBoACAASABEABIAL1VzZXJzL0J1ZXJja2VsL0Rvd25sb2Fkcy8zMmJmZTUxMTI3ZGNkYmZjN2QucGRmAAATAAEvAAAVAAIAD///AACABtIbHB0eWiRjbGFzc25hbWVYJGNsYXNzZXNdTlNNdXRhYmxlRGF0YaMdHyBWTlNEYXRhWE5TT2JqZWN00hscIiNcTlNEaWN0aW9uYXJ5oiIgXxAPTlNLZXllZEFyY2hpdmVy0SYnVHJvb3SAAQAIABEAGgAjAC0AMgA3AEAARgBNAFUAYABnAGoAbABuAHEAcwB1AHcAhACOAL0AwgDKAnICdAJ5AoQCjQKbAp8CpgKvArQCwQLEAtYC2QLeAAAAAAAAAgEAAAAAAAAAKAAAAAAAAAAAAAAAAAAAAuA=}}

@book{knight1921risk,
	Author = {Knight Frank, H},
	Date-Added = {2013-08-15 14:23:24 +0000},
	Date-Modified = {2013-10-06 23:27:38 +0000},
	Publisher = {Hart, Schaffner \& Marx},
	Title = {Risk, Uncertainty, and Profit},
	Year = {1921}}

@article{engel1973blackwell,
	Author = {Engel, James F and Kollat, David T and Roger, D},
	Date-Added = {2013-08-15 14:03:55 +0000},
	Date-Modified = {2013-08-15 14:03:55 +0000},
	Journal = {New York: Holt, Rinehart, and Winston},
	Title = {Blackwell, consumer behavior},
	Year = {1973}}

@book{cox1967risk,
	Author = {Cox, Donald F},
	Date-Added = {2013-08-15 13:54:06 +0000},
	Date-Modified = {2013-08-15 13:54:06 +0000},
	Publisher = {Division of Research, Graduate School of Business Administration, Harvard University Boston},
	Title = {Risk taking and information handling in consumer behavior},
	Year = {1967}}

@article{bauer1960consumer,
	Author = {Bauer, Raymond A},
	Date-Added = {2013-08-15 13:15:23 +0000},
	Date-Modified = {2013-08-15 13:15:23 +0000},
	Journal = {Dynamic marketing for a changing world},
	Publisher = {American Marketing Association Chicago},
	Title = {Consumer behavior as risk taking},
	Volume = {398},
	Year = {1960}}

@article{ross1975perceived,
	Author = {Ross, Ivan},
	Date-Added = {2013-08-12 18:27:57 +0000},
	Date-Modified = {2013-08-12 18:27:57 +0000},
	Journal = {Advances in Consumer Research},
	Number = {1},
	Pages = {1--19},
	Publisher = {Open University Press},
	Title = {Perceived risk and consumer behavior: a critical review},
	Volume = {2},
	Year = {1975},
	Bdsk-File-1 = {YnBsaXN0MDDUAQIDBAUGJCVYJHZlcnNpb25YJG9iamVjdHNZJGFyY2hpdmVyVCR0b3ASAAGGoKgHCBMUFRYaIVUkbnVsbNMJCgsMDxJXTlMua2V5c1pOUy5vYmplY3RzViRjbGFzc6INDoACgAOiEBGABIAFgAdccmVsYXRpdmVQYXRoWWFsaWFzRGF0YV8QIS4uLy4uLy4uLy4uL0Rvd25sb2Fkcy82NTk3NDE2LnBkZtIXCxgZV05TLmRhdGFPEQF2AAAAAAF2AAIAAAxNYWNpbnRvc2ggSEQAAAAAAAAAAAAAAAAAAADNyRVKSCsAAAAFwL4LNjU5NzQxNi5wZGYAAAAAAAAAAAAAAAAAAAAAAAAAAAAAAAAAAAAAAAAAAAAAAAAAAAAAAAAAAAAAAAAAAAAAAAhk4M4u9aoAAAAAAAAAAAAEAAIAAAkgAAAAAAAAAAAAAAAAAAAACURvd25sb2FkcwAAEAAIAADNyPkqAAAAEQAIAADOLtmKAAAAAQAMAAXAvgAFwLsAAhIpAAIANE1hY2ludG9zaCBIRDpVc2VyczoAQnVlcmNrZWw6AERvd25sb2FkczoANjU5NzQxNi5wZGYADgAYAAsANgA1ADkANwA0ADEANgAuAHAAZABmAA8AGgAMAE0AYQBjAGkAbgB0AG8AcwBoACAASABEABIAJFVzZXJzL0J1ZXJja2VsL0Rvd25sb2Fkcy82NTk3NDE2LnBkZgATAAEvAAAVAAIAD///AACABtIbHB0eWiRjbGFzc25hbWVYJGNsYXNzZXNdTlNNdXRhYmxlRGF0YaMdHyBWTlNEYXRhWE5TT2JqZWN00hscIiNcTlNEaWN0aW9uYXJ5oiIgXxAPTlNLZXllZEFyY2hpdmVy0SYnVHJvb3SAAQAIABEAGgAjAC0AMgA3AEAARgBNAFUAYABnAGoAbABuAHEAcwB1AHcAhACOALIAtwC/AjkCOwJAAksCVAJiAmYCbQJ2AnsCiAKLAp0CoAKlAAAAAAAAAgEAAAAAAAAAKAAAAAAAAAAAAAAAAAAAAqc=}}

@article{agarwal2001perceived,
	Author = {Agarwal, Sanjeev and Teas, R Kenneth},
	Date-Added = {2013-08-12 18:23:45 +0000},
	Date-Modified = {2013-08-12 18:23:45 +0000},
	Journal = {Journal of Marketing theory and Practice},
	Pages = {1--14},
	Publisher = {JSTOR},
	Title = {Perceived value: mediating role of perceived risk},
	Year = {2001},
	Bdsk-File-1 = {YnBsaXN0MDDUAQIDBAUGJCVYJHZlcnNpb25YJG9iamVjdHNZJGFyY2hpdmVyVCR0b3ASAAGGoKgHCBMUFRYaIVUkbnVsbNMJCgsMDxJXTlMua2V5c1pOUy5vYmplY3RzViRjbGFzc6INDoACgAOiEBGABIAFgAdccmVsYXRpdmVQYXRoWWFsaWFzRGF0YV8QIS4uLy4uLy4uLy4uL0Rvd25sb2Fkcy82NDY3MDExLnBkZtIXCxgZV05TLmRhdGFPEQF2AAAAAAF2AAIAAAxNYWNpbnRvc2ggSEQAAAAAAAAAAAAAAAAAAADNyRVKSCsAAAAFwL4LNjQ2NzAxMS5wZGYAAAAAAAAAAAAAAAAAAAAAAAAAAAAAAAAAAAAAAAAAAAAAAAAAAAAAAAAAAAAAAAAAAAAAAAhkTM4u9MIAAAAAAAAAAAAEAAIAAAkgAAAAAAAAAAAAAAAAAAAACURvd25sb2FkcwAAEAAIAADNyPkqAAAAEQAIAADOLtiiAAAAAQAMAAXAvgAFwLsAAhIpAAIANE1hY2ludG9zaCBIRDpVc2VyczoAQnVlcmNrZWw6AERvd25sb2FkczoANjQ2NzAxMS5wZGYADgAYAAsANgA0ADYANwAwADEAMQAuAHAAZABmAA8AGgAMAE0AYQBjAGkAbgB0AG8AcwBoACAASABEABIAJFVzZXJzL0J1ZXJja2VsL0Rvd25sb2Fkcy82NDY3MDExLnBkZgATAAEvAAAVAAIAD///AACABtIbHB0eWiRjbGFzc25hbWVYJGNsYXNzZXNdTlNNdXRhYmxlRGF0YaMdHyBWTlNEYXRhWE5TT2JqZWN00hscIiNcTlNEaWN0aW9uYXJ5oiIgXxAPTlNLZXllZEFyY2hpdmVy0SYnVHJvb3SAAQAIABEAGgAjAC0AMgA3AEAARgBNAFUAYABnAGoAbABuAHEAcwB1AHcAhACOALIAtwC/AjkCOwJAAksCVAJiAmYCbQJ2AnsCiAKLAp0CoAKlAAAAAAAAAgEAAAAAAAAAKAAAAAAAAAAAAAAAAAAAAqc=}}

@article{dowling1986perceived,
	Author = {Dowling, Grahame R},
	Date-Added = {2013-08-12 18:15:42 +0000},
	Date-Modified = {2013-08-12 18:15:42 +0000},
	Journal = {Psychology \& Marketing},
	Number = {3},
	Pages = {193--210},
	Publisher = {Wiley Online Library},
	Title = {Perceived risk: the concept and its measurement},
	Volume = {3},
	Year = {1986},
	Bdsk-File-1 = {YnBsaXN0MDDUAQIDBAUGJCVYJHZlcnNpb25YJG9iamVjdHNZJGFyY2hpdmVyVCR0b3ASAAGGoKgHCBMUFRYaIVUkbnVsbNMJCgsMDxJXTlMua2V5c1pOUy5vYmplY3RzViRjbGFzc6INDoACgAOiEBGABIAFgAdccmVsYXRpdmVQYXRoWWFsaWFzRGF0YV8Q9i4uLy4uLy4uLy4uL0Rvd25sb2Fkcy9kb2MucGRmP2hsPSZjaXQlM0FhdXRoPURvd2xpbmclMkMrRytSJmNpdCUzQXRpdGxlPVBlcmNlaXZlZCtSaXNrJTNBK1RoZStDb25jZXB0K2FuZCtJdHMrTWVhc3VyZW1lbnQmY2l0JTNBcHViPVBzeWNob2xvZ3krYW5kK01hcmtldGluZyZjaXQlM0F2b2w9MyZjaXQlM0Fpc3M9MyZjaXQlM0FwZz0xOTMmY2l0JTNBZGF0ZT1GYWxsKzE5ODYmaWM9dHJ1ZSZjaXQlM0Fwcm9kPVByb1F1ZXN0LnBkZtIXCxgZV05TLmRhdGFPEQQKAAAAAAQKAAIAAAxNYWNpbnRvc2ggSEQAAAAAAAAAAAAAAAAAAADNyRVKSCsAAAAFwL4fZG9jLnBkZj9obD0mY2l0JTNBYXV0Izg2MzU5LnBkZgAAAAAAAAAAAAAAAAAAAAAAAAAAAAAAAAAAAAAAAAAAAAhjWc4u8sUAAAAAAAAAAAAEAAIAAAkgAAAAAAAAAAAAAAAAAAAACURvd25sb2FkcwAAEAAIAADNyPkqAAAAEQAIAADOLtalAAAAAQAMAAXAvgAFwLsAAhIpAAIASE1hY2ludG9zaCBIRDpVc2VyczoAQnVlcmNrZWw6AERvd25sb2FkczoAZG9jLnBkZj9obD0mY2l0JTNBYXV0Izg2MzU5LnBkZgAOAcIA4ABkAG8AYwAuAHAAZABmAD8AaABsAD0AJgBjAGkAdAAlADMAQQBhAHUAdABoAD0ARABvAHcAbABpAG4AZwAlADIAQwArAEcAKwBSACYAYwBpAHQAJQAzAEEAdABpAHQAbABlAD0AUABlAHIAYwBlAGkAdgBlAGQAKwBSAGkAcwBrACUAMwBBACsAVABoAGUAKwBDAG8AbgBjAGUAcAB0ACsAYQBuAGQAKwBJAHQAcwArAE0AZQBhAHMAdQByAGUAbQBlAG4AdAAmAGMAaQB0ACUAMwBBAHAAdQBiAD0AUABzAHkAYwBoAG8AbABvAGcAeQArAGEAbgBkACsATQBhAHIAawBlAHQAaQBuAGcAJgBjAGkAdAAlADMAQQB2AG8AbAA9ADMAJgBjAGkAdAAlADMAQQBpAHMAcwA9ADMAJgBjAGkAdAAlADMAQQBwAGcAPQAxADkAMwAmAGMAaQB0ACUAMwBBAGQAYQB0AGUAPQBGAGEAbABsACsAMQA5ADgANgAmAGkAYwA9AHQAcgB1AGUAJgBjAGkAdAAlADMAQQBwAHIAbwBkAD0AUAByAG8AUQB1AGUAcwB0AC4AcABkAGYADwAaAAwATQBhAGMAaQBuAHQAbwBzAGgAIABIAEQAEgD5VXNlcnMvQnVlcmNrZWwvRG93bmxvYWRzL2RvYy5wZGY/aGw9JmNpdCUzQWF1dGg9RG93bGluZyUyQytHK1ImY2l0JTNBdGl0bGU9UGVyY2VpdmVkK1Jpc2slM0ErVGhlK0NvbmNlcHQrYW5kK0l0cytNZWFzdXJlbWVudCZjaXQlM0FwdWI9UHN5Y2hvbG9neSthbmQrTWFya2V0aW5nJmNpdCUzQXZvbD0zJmNpdCUzQWlzcz0zJmNpdCUzQXBnPTE5MyZjaXQlM0FkYXRlPUZhbGwrMTk4NiZpYz10cnVlJmNpdCUzQXByb2Q9UHJvUXVlc3QucGRmAAATAAEvAAAVAAIAD///AACABtIbHB0eWiRjbGFzc25hbWVYJGNsYXNzZXNdTlNNdXRhYmxlRGF0YaMdHyBWTlNEYXRhWE5TT2JqZWN00hscIiNcTlNEaWN0aW9uYXJ5oiIgXxAPTlNLZXllZEFyY2hpdmVy0SYnVHJvb3SAAQAIABEAGgAjAC0AMgA3AEAARgBNAFUAYABnAGoAbABuAHEAcwB1AHcAhACOAYcBjAGUBaIFpAWpBbQFvQXLBc8F1gXfBeQF8QX0BgYGCQYOAAAAAAAAAgEAAAAAAAAAKAAAAAAAAAAAAAAAAAAABhA=}}

@article{dowling1994model,
	Author = {Dowling, Grahame R and Staelin, Richard},
	Date-Added = {2013-08-12 18:01:34 +0000},
	Date-Modified = {2013-08-12 18:01:34 +0000},
	Journal = {Journal of Consumer Research},
	Pages = {119--134},
	Publisher = {JSTOR},
	Title = {A model of perceived risk and intended risk-handling activity},
	Year = {1994},
	Bdsk-File-1 = {YnBsaXN0MDDUAQIDBAUGJCVYJHZlcnNpb25YJG9iamVjdHNZJGFyY2hpdmVyVCR0b3ASAAGGoKgHCBMUFRYaIVUkbnVsbNMJCgsMDxJXTlMua2V5c1pOUy5vYmplY3RzViRjbGFzc6INDoACgAOiEBGABIAFgAdccmVsYXRpdmVQYXRoWWFsaWFzRGF0YV8QEURBLzk0MDgxNjAxNTIucGRm0hcLGBlXTlMuZGF0YU8RAdAAAAAAAdAAAgAADE1hY2ludG9zaCBIRAAAAAAAAAAAAAAAAAAAAM3JFUpIKwAAAAcciA45NDA4MTYwMTUyLnBkZgAAAAAAAAAAAAAAAAAAAAAAAAAAAAAAAAAAAAAAAAAAAAAAAAAAAAAAAAAAAAAAAAAACQVEzi7wUlBERiAAAAAAAAEAAwAACSAAAAAAAAAAAAAAAAAAAAACREEAEAAIAADNyPkqAAAAEQAIAADOLtQyAAAAAQAcAAcciAAHG7oABfkaAAX1RwAFwLwABcC7AAISKQACAFtNYWNpbnRvc2ggSEQ6VXNlcnM6AEJ1ZXJja2VsOgBEb2N1bWVudHM6AFJlc2VhcmNoOgBFZ28gRGVwbGV0aW9uOgBQYXBlcjoAREE6ADk0MDgxNjAxNTIucGRmAAAOAB4ADgA5ADQAMAA4ADEANgAwADEANQAyAC4AcABkAGYADwAaAAwATQBhAGMAaQBuAHQAbwBzAGgAIABIAEQAEgBHVXNlcnMvQnVlcmNrZWwvRG9jdW1lbnRzL1Jlc2VhcmNoL0VnbyBEZXBsZXRpb24vUGFwZXIvREEvOTQwODE2MDE1Mi5wZGYAABMAAS8AABUAAgAP//8AAIAG0hscHR5aJGNsYXNzbmFtZVgkY2xhc3Nlc11OU011dGFibGVEYXRhox0fIFZOU0RhdGFYTlNPYmplY3TSGxwiI1xOU0RpY3Rpb25hcnmiIiBfEA9OU0tleWVkQXJjaGl2ZXLRJidUcm9vdIABAAgAEQAaACMALQAyADcAQABGAE0AVQBgAGcAagBsAG4AcQBzAHUAdwCEAI4AogCnAK8CgwKFAooClQKeAqwCsAK3AsACxQLSAtUC5wLqAu8AAAAAAAACAQAAAAAAAAAoAAAAAAAAAAAAAAAAAAAC8Q==}}

@article{sheth1995relationship,
	Author = {Sheth, Jagdish N and Parvatlyar, Atul},
	Date-Added = {2013-08-12 16:23:38 +0000},
	Date-Modified = {2013-08-12 16:23:38 +0000},
	Journal = {Journal of the Academy of marketing Science},
	Number = {4},
	Pages = {255--271},
	Publisher = {Sage Publications},
	Title = {Relationship marketing in consumer markets: antecedents and consequences},
	Volume = {23},
	Year = {1995},
	Bdsk-File-1 = {YnBsaXN0MDDUAQIDBAUGJCVYJHZlcnNpb25YJG9iamVjdHNZJGFyY2hpdmVyVCR0b3ASAAGGoKgHCBMUFRYaIVUkbnVsbNMJCgsMDxJXTlMua2V5c1pOUy5vYmplY3RzViRjbGFzc6INDoACgAOiEBGABIAFgAdccmVsYXRpdmVQYXRoWWFsaWFzRGF0YV8QHy4uLy4uLy4uLy4uL0Rvd25sb2Fkcy9qb3VyNS5wZGbSFwsYGVdOUy5kYXRhTxEBbgAAAAABbgACAAAMTWFjaW50b3NoIEhEAAAAAAAAAAAAAAAAAAAAzckVSkgrAAAABcC+CWpvdXI1LnBkZgAAAAAAAAAAAAAAAAAAAAAAAAAAAAAAAAAAAAAAAAAAAAAAAAAAAAAAAAAAAAAAAAAAAAAAAAAILcfOLtjDAAAAAAAAAAAABAACAAAJIAAAAAAAAAAAAAAAAAAAAAlEb3dubG9hZHMAABAACAAAzcj5KgAAABEACAAAzi68owAAAAEADAAFwL4ABcC7AAISKQACADJNYWNpbnRvc2ggSEQ6VXNlcnM6AEJ1ZXJja2VsOgBEb3dubG9hZHM6AGpvdXI1LnBkZgAOABQACQBqAG8AdQByADUALgBwAGQAZgAPABoADABNAGEAYwBpAG4AdABvAHMAaAAgAEgARAASACJVc2Vycy9CdWVyY2tlbC9Eb3dubG9hZHMvam91cjUucGRmABMAAS8AABUAAgAP//8AAIAG0hscHR5aJGNsYXNzbmFtZVgkY2xhc3Nlc11OU011dGFibGVEYXRhox0fIFZOU0RhdGFYTlNPYmplY3TSGxwiI1xOU0RpY3Rpb25hcnmiIiBfEA9OU0tleWVkQXJjaGl2ZXLRJidUcm9vdIABAAgAEQAaACMALQAyADcAQABGAE0AVQBgAGcAagBsAG4AcQBzAHUAdwCEAI4AsAC1AL0CLwIxAjYCQQJKAlgCXAJjAmwCcQJ+AoECkwKWApsAAAAAAAACAQAAAAAAAAAoAAAAAAAAAAAAAAAAAAACnQ==}}

@misc{toennemann2008,
	Author = {Jens T{\"o}nnesmann},
	Date-Added = {2013-08-11 18:19:20 +0000},
	Date-Modified = {2013-10-06 23:33:34 +0000},
	Keywords = {decision making},
	Lastchecked = {30.11.2013},
	Month = {Juli},
	Title = {20.000 Blitzentscheidungen pro Tag (20,000 fast decisions per day)},
	Url = {http://www.wiwo.de/erfolg/trends/zeitdruck-im-job-20-000-blitzentscheidungen-pro-tag/5445178.html},
	Year = {2008},
	Bdsk-Url-1 = {http://www.wiwo.de/erfolg/trends/zeitdruck-im-job-20-000-blitzentscheidungen-pro-tag/5445178.html}}

@article{stroop1935studies,
	Author = {Stroop, J Ridley},
	Date-Added = {2013-08-09 13:01:14 +0000},
	Date-Modified = {2013-08-09 13:01:14 +0000},
	Journal = {Journal of Experimental Psychology},
	Number = {6},
	Pages = {643},
	Publisher = {Psychological Review Company},
	Title = {Studies of interference in serial verbal reactions.},
	Volume = {18},
	Year = {1935},
	Bdsk-File-1 = {YnBsaXN0MDDUAQIDBAUGJCVYJHZlcnNpb25YJG9iamVjdHNZJGFyY2hpdmVyVCR0b3ASAAGGoKgHCBMUFRYaIVUkbnVsbNMJCgsMDxJXTlMua2V5c1pOUy5vYmplY3RzViRjbGFzc6INDoACgAOiEBGABIAFgAdccmVsYXRpdmVQYXRoWWFsaWFzRGF0YV8QIi4uLy4uLy4uLy4uL0Rvd25sb2Fkcy9TdHJvb3AzNS5wZGbSFwsYGVdOUy5kYXRhTxEBfAAAAAABfAACAAAMTWFjaW50b3NoIEhEAAAAAAAAAAAAAAAAAAAAzckVSkgrAAAABcC+DFN0cm9vcDM1LnBkZgAAAAAAAAAAAAAAAAAAAAAAAAAAAAAAAAAAAAAAAAAAAAAAAAAAAAAAAAAAAAAAAAAAAAAH8JzOKrUUAAAAAAAAAAAABAACAAAJIAAAAAAAAAAAAAAAAAAAAAlEb3dubG9hZHMAABAACAAAzcj5KgAAABEACAAAziqY9AAAAAEADAAFwL4ABcC7AAISKQACADVNYWNpbnRvc2ggSEQ6VXNlcnM6AEJ1ZXJja2VsOgBEb3dubG9hZHM6AFN0cm9vcDM1LnBkZgAADgAaAAwAUwB0AHIAbwBvAHAAMwA1AC4AcABkAGYADwAaAAwATQBhAGMAaQBuAHQAbwBzAGgAIABIAEQAEgAlVXNlcnMvQnVlcmNrZWwvRG93bmxvYWRzL1N0cm9vcDM1LnBkZgAAEwABLwAAFQACAA///wAAgAbSGxwdHlokY2xhc3NuYW1lWCRjbGFzc2VzXU5TTXV0YWJsZURhdGGjHR8gVk5TRGF0YVhOU09iamVjdNIbHCIjXE5TRGljdGlvbmFyeaIiIF8QD05TS2V5ZWRBcmNoaXZlctEmJ1Ryb290gAEACAARABoAIwAtADIANwBAAEYATQBVAGAAZwBqAGwAbgBxAHMAdQB3AIQAjgCzALgAwAJAAkICRwJSAlsCaQJtAnQCfQKCAo8CkgKkAqcCrAAAAAAAAAIBAAAAAAAAACgAAAAAAAAAAAAAAAAAAAKu}}

@article{raju1980optimum,
	Author = {Raju, Puthankurissi S},
	Date-Added = {2013-08-09 11:45:40 +0000},
	Date-Modified = {2013-08-09 11:45:40 +0000},
	Journal = {Journal of Consumer Research},
	Pages = {272--282},
	Publisher = {JSTOR},
	Title = {Optimum stimulation level: its relationship to personality, demographics, and exploratory behavior},
	Year = {1980},
	Bdsk-File-1 = {YnBsaXN0MDDUAQIDBAUGJCVYJHZlcnNpb25YJG9iamVjdHNZJGFyY2hpdmVyVCR0b3ASAAGGoKgHCBMUFRYaIVUkbnVsbNMJCgsMDxJXTlMua2V5c1pOUy5vYmplY3RzViRjbGFzc6INDoACgAOiEBGABIAFgAdccmVsYXRpdmVQYXRoWWFsaWFzRGF0YV8QIS4uLy4uLy4uLy4uL0Rvd25sb2Fkcy8yNDg5MDEyLnBkZtIXCxgZV05TLmRhdGFPEQF2AAAAAAF2AAIAAAxNYWNpbnRvc2ggSEQAAAAAAAAAAAAAAAAAAADNyRVKSCsAAAAFwL4LMjQ4OTAxMi5wZGYAAAAAAAAAAAAAAAAAAAAAAAAAAAAAAAAAAAAAAAAAAAAAAAAAAAAAAAAAAAAAAAAAAAAAAA8NVM4qoulQREYgAAAAAAAEAAIAAAkgAAAAAAAAAAAAAAAAAAAACURvd25sb2FkcwAAEAAIAADNyPkqAAAAEQAIAADOKobJAAAAAQAMAAXAvgAFwLsAAhIpAAIANE1hY2ludG9zaCBIRDpVc2VyczoAQnVlcmNrZWw6AERvd25sb2FkczoAMjQ4OTAxMi5wZGYADgAYAAsAMgA0ADgAOQAwADEAMgAuAHAAZABmAA8AGgAMAE0AYQBjAGkAbgB0AG8AcwBoACAASABEABIAJFVzZXJzL0J1ZXJja2VsL0Rvd25sb2Fkcy8yNDg5MDEyLnBkZgATAAEvAAAVAAIAD///AACABtIbHB0eWiRjbGFzc25hbWVYJGNsYXNzZXNdTlNNdXRhYmxlRGF0YaMdHyBWTlNEYXRhWE5TT2JqZWN00hscIiNcTlNEaWN0aW9uYXJ5oiIgXxAPTlNLZXllZEFyY2hpdmVy0SYnVHJvb3SAAQAIABEAGgAjAC0AMgA3AEAARgBNAFUAYABnAGoAbABuAHEAcwB1AHcAhACOALIAtwC/AjkCOwJAAksCVAJiAmYCbQJ2AnsCiAKLAp0CoAKlAAAAAAAAAgEAAAAAAAAAKAAAAAAAAAAAAAAAAAAAAqc=}}

@article{haws2012consumer,
	Author = {Haws, Kelly L and Bearden, William O and Nenkov, Gergana Y},
	Date-Added = {2013-08-09 11:12:24 +0000},
	Date-Modified = {2013-08-09 11:12:24 +0000},
	Journal = {Journal of the Academy of Marketing Science},
	Number = {5},
	Pages = {695--710},
	Publisher = {Springer},
	Title = {Consumer spending self-control effectiveness and outcome elaboration prompts},
	Volume = {40},
	Year = {2012},
	Bdsk-File-1 = {YnBsaXN0MDDUAQIDBAUGJCVYJHZlcnNpb25YJG9iamVjdHNZJGFyY2hpdmVyVCR0b3ASAAGGoKgHCBMUFRYaIVUkbnVsbNMJCgsMDxJXTlMua2V5c1pOUy5vYmplY3RzViRjbGFzc6INDoACgAOiEBGABIAFgAdccmVsYXRpdmVQYXRoWWFsaWFzRGF0YV8QLC4uLy4uLy4uLy4uL0Rvd25sb2Fkcy9DU1NDX0pBTVNfQWNjZXB0ZWQucGRm0hcLGBlXTlMuZGF0YU8RAaQAAAAAAaQAAgAADE1hY2ludG9zaCBIRAAAAAAAAAAAAAAAAAAAAM3JFUpIKwAAAAXAvhZDU1NDX0pBTVNfQWNjZXB0ZWQucGRmAAAAAAAAAAAAAAAAAAAAAAAAAAAAAAAAAAAAAAAAAAAAAAAAAAAAAAAAB+xuziqbTwAAAAAAAAAAAAQAAgAACSAAAAAAAAAAAAAAAAAAAAAJRG93bmxvYWRzAAAQAAgAAM3I+SoAAAARAAgAAM4qfy8AAAABAAwABcC+AAXAuwACEikAAgA/TWFjaW50b3NoIEhEOlVzZXJzOgBCdWVyY2tlbDoARG93bmxvYWRzOgBDU1NDX0pBTVNfQWNjZXB0ZWQucGRmAAAOAC4AFgBDAFMAUwBDAF8ASgBBAE0AUwBfAEEAYwBjAGUAcAB0AGUAZAAuAHAAZABmAA8AGgAMAE0AYQBjAGkAbgB0AG8AcwBoACAASABEABIAL1VzZXJzL0J1ZXJja2VsL0Rvd25sb2Fkcy9DU1NDX0pBTVNfQWNjZXB0ZWQucGRmAAATAAEvAAAVAAIAD///AACABtIbHB0eWiRjbGFzc25hbWVYJGNsYXNzZXNdTlNNdXRhYmxlRGF0YaMdHyBWTlNEYXRhWE5TT2JqZWN00hscIiNcTlNEaWN0aW9uYXJ5oiIgXxAPTlNLZXllZEFyY2hpdmVy0SYnVHJvb3SAAQAIABEAGgAjAC0AMgA3AEAARgBNAFUAYABnAGoAbABuAHEAcwB1AHcAhACOAL0AwgDKAnICdAJ5AoQCjQKbAp8CpgKvArQCwQLEAtYC2QLeAAAAAAAAAgEAAAAAAAAAKAAAAAAAAAAAAAAAAAAAAuA=}}

@article{baumgartner1996exploratory,
	Author = {Baumgartner, Hans and Steenkamp, Jan-Benedict EM},
	Date-Added = {2013-08-09 10:44:28 +0000},
	Date-Modified = {2013-08-09 10:44:28 +0000},
	Journal = {International Journal of Research in Marketing},
	Number = {2},
	Pages = {121--137},
	Publisher = {Elsevier},
	Title = {Exploratory consumer buying behavior: Conceptualization and measurement},
	Volume = {13},
	Year = {1996},
	Bdsk-File-1 = {YnBsaXN0MDDUAQIDBAUGJCVYJHZlcnNpb25YJG9iamVjdHNZJGFyY2hpdmVyVCR0b3ASAAGGoKgHCBMUFRYaIVUkbnVsbNMJCgsMDxJXTlMua2V5c1pOUy5vYmplY3RzViRjbGFzc6INDoACgAOiEBGABIAFgAdccmVsYXRpdmVQYXRoWWFsaWFzRGF0YV8QNi4uLy4uLy4uLy4uL0Rvd25sb2Fkcy8xLXMyLjAtMDE2NzgxMTY5NTAwMDM3Mi1tYWluLnBkZtIXCxgZV05TLmRhdGFPEQHKAAAAAAHKAAIAAAxNYWNpbnRvc2ggSEQAAAAAAAAAAAAAAAAAAADNyRVKSCsAAAAFwL4fMS1zMi4wLTAxNjc4MTE2OTUwMDAzIzdFQUE5LnBkZgAAAAAAAAAAAAAAAAAAAAAAAAAAAAAAAAAAAAAAAAAAAAfqqc4qlIUAAAAAAAAAAAAEAAIAAAkgAAAAAAAAAAAAAAAAAAAACURvd25sb2FkcwAAEAAIAADNyPkqAAAAEQAIAADOKnhlAAAAAQAMAAXAvgAFwLsAAhIpAAIASE1hY2ludG9zaCBIRDpVc2VyczoAQnVlcmNrZWw6AERvd25sb2FkczoAMS1zMi4wLTAxNjc4MTE2OTUwMDAzIzdFQUE5LnBkZgAOAEIAIAAxAC0AcwAyAC4AMAAtADAAMQA2ADcAOAAxADEANgA5ADUAMAAwADAAMwA3ADIALQBtAGEAaQBuAC4AcABkAGYADwAaAAwATQBhAGMAaQBuAHQAbwBzAGgAIABIAEQAEgA5VXNlcnMvQnVlcmNrZWwvRG93bmxvYWRzLzEtczIuMC0wMTY3ODExNjk1MDAwMzcyLW1haW4ucGRmAAATAAEvAAAVAAIAD///AACABtIbHB0eWiRjbGFzc25hbWVYJGNsYXNzZXNdTlNNdXRhYmxlRGF0YaMdHyBWTlNEYXRhWE5TT2JqZWN00hscIiNcTlNEaWN0aW9uYXJ5oiIgXxAPTlNLZXllZEFyY2hpdmVy0SYnVHJvb3SAAQAIABEAGgAjAC0AMgA3AEAARgBNAFUAYABnAGoAbABuAHEAcwB1AHcAhACOAMcAzADUAqICpAKpArQCvQLLAs8C1gLfAuQC8QL0AwYDCQMOAAAAAAAAAgEAAAAAAAAAKAAAAAAAAAAAAAAAAAAAAxA=}}

@article{tangney2004high,
	Author = {Tangney, June P and Baumeister, Roy F and Boone, Angie Luzio},
	Date-Added = {2013-08-09 10:33:46 +0000},
	Date-Modified = {2013-08-09 10:41:53 +0000},
	Journal = {Journal of Personality},
	Number = {2},
	Pages = {271-324},
	Publisher = {Wiley Online Library},
	Title = {High self-control predicts good adjustment, less pathology, better grades, and interpersonal success},
	Volume = {72},
	Year = {2004},
	Bdsk-File-1 = {YnBsaXN0MDDUAQIDBAUGJCVYJHZlcnNpb25YJG9iamVjdHNZJGFyY2hpdmVyVCR0b3ASAAGGoKgHCBMUFRYaIVUkbnVsbNMJCgsMDxJXTlMua2V5c1pOUy5vYmplY3RzViRjbGFzc6INDoACgAOiEBGABIAFgAdccmVsYXRpdmVQYXRoWWFsaWFzRGF0YV8QOC4uLy4uLy4uLy4uL0Rvd25sb2Fkcy9UYW5nbmV5IGV0IGFsLiBTZWxmLWNvbnRyb2woMSkucGRm0hcLGBlXTlMuZGF0YU8RAdAAAAAAAdAAAgAADE1hY2ludG9zaCBIRAAAAAAAAAAAAAAAAAAAAM3JFUpIKwAAAAXAvh9UYW5nbmV5IGV0IGFsLiBTZWxmLWMjN0VBNDMucGRmAAAAAAAAAAAAAAAAAAAAAAAAAAAAAAAAAAAAAAAAAAAAB+pDziqSGwAAAAAAAAAAAAQAAgAACSAAAAAAAAAAAAAAAAAAAAAJRG93bmxvYWRzAAAQAAgAAM3I+SoAAAARAAgAAM4qdfsAAAABAAwABcC+AAXAuwACEikAAgBITWFjaW50b3NoIEhEOlVzZXJzOgBCdWVyY2tlbDoARG93bmxvYWRzOgBUYW5nbmV5IGV0IGFsLiBTZWxmLWMjN0VBNDMucGRmAA4ARgAiAFQAYQBuAGcAbgBlAHkAIABlAHQAIABhAGwALgAgAFMAZQBsAGYALQBjAG8AbgB0AHIAbwBsACgAMQApAC4AcABkAGYADwAaAAwATQBhAGMAaQBuAHQAbwBzAGgAIABIAEQAEgA7VXNlcnMvQnVlcmNrZWwvRG93bmxvYWRzL1RhbmduZXkgZXQgYWwuIFNlbGYtY29udHJvbCgxKS5wZGYAABMAAS8AABUAAgAP//8AAIAG0hscHR5aJGNsYXNzbmFtZVgkY2xhc3Nlc11OU011dGFibGVEYXRhox0fIFZOU0RhdGFYTlNPYmplY3TSGxwiI1xOU0RpY3Rpb25hcnmiIiBfEA9OU0tleWVkQXJjaGl2ZXLRJidUcm9vdIABAAgAEQAaACMALQAyADcAQABGAE0AVQBgAGcAagBsAG4AcQBzAHUAdwCEAI4AyQDOANYCqgKsArECvALFAtMC1wLeAucC7AL5AvwDDgMRAxYAAAAAAAACAQAAAAAAAAAoAAAAAAAAAAAAAAAAAAADGA==}}

@article{baumeister2007strength,
	Author = {Baumeister, Roy F and Vohs, Kathleen D and Tice, Dianne M},
	Date-Added = {2013-08-09 10:32:43 +0000},
	Date-Modified = {2013-08-09 10:32:43 +0000},
	Journal = {Current Directions in Psychological Science},
	Number = {6},
	Pages = {351--355},
	Publisher = {SAGE Publications},
	Title = {The strength model of self-control},
	Volume = {16},
	Year = {2007},
	Bdsk-File-1 = {YnBsaXN0MDDUAQIDBAUGJCVYJHZlcnNpb25YJG9iamVjdHNZJGFyY2hpdmVyVCR0b3ASAAGGoKgHCBMUFRYaIVUkbnVsbNMJCgsMDxJXTlMua2V5c1pOUy5vYmplY3RzViRjbGFzc6INDoACgAOiEBGABIAFgAdccmVsYXRpdmVQYXRoWWFsaWFzRGF0YV8QIi4uLy4uLy4uLy4uL0Rvd25sb2Fkcy8yMDE4MzIzNC5wZGbSFwsYGVdOUy5kYXRhTxEBfAAAAAABfAACAAAMTWFjaW50b3NoIEhEAAAAAAAAAAAAAAAAAAAAzckVSkgrAAAABcC+DDIwMTgzMjM0LnBkZgAAAAAAAAAAAAAAAAAAAAAAAAAAAAAAAAAAAAAAAAAAAAAAAAAAAAAAAAAAAAAAAAAAAAAOe5jOKpHbUERGIAAAAAAABAACAAAJIAAAAAAAAAAAAAAAAAAAAAlEb3dubG9hZHMAABAACAAAzcj5KgAAABEACAAAzip1uwAAAAEADAAFwL4ABcC7AAISKQACADVNYWNpbnRvc2ggSEQ6VXNlcnM6AEJ1ZXJja2VsOgBEb3dubG9hZHM6ADIwMTgzMjM0LnBkZgAADgAaAAwAMgAwADEAOAAzADIAMwA0AC4AcABkAGYADwAaAAwATQBhAGMAaQBuAHQAbwBzAGgAIABIAEQAEgAlVXNlcnMvQnVlcmNrZWwvRG93bmxvYWRzLzIwMTgzMjM0LnBkZgAAEwABLwAAFQACAA///wAAgAbSGxwdHlokY2xhc3NuYW1lWCRjbGFzc2VzXU5TTXV0YWJsZURhdGGjHR8gVk5TRGF0YVhOU09iamVjdNIbHCIjXE5TRGljdGlvbmFyeaIiIF8QD05TS2V5ZWRBcmNoaXZlctEmJ1Ryb290gAEACAARABoAIwAtADIANwBAAEYATQBVAGAAZwBqAGwAbgBxAHMAdQB3AIQAjgCzALgAwAJAAkICRwJSAlsCaQJtAnQCfQKCAo8CkgKkAqcCrAAAAAAAAAIBAAAAAAAAACgAAAAAAAAAAAAAAAAAAAKu}}

@article{brody1968personality,
	Author = {Brody, Robert P and Cunningham, Scott M},
	Date-Added = {2013-08-06 17:18:24 +0000},
	Date-Modified = {2013-08-06 17:18:24 +0000},
	Journal = {Journal of Marketing Research},
	Pages = {50--57},
	Publisher = {JSTOR},
	Title = {Personality variables and the consumer decision process},
	Year = {1968},
	Bdsk-File-1 = {YnBsaXN0MDDUAQIDBAUGJCVYJHZlcnNpb25YJG9iamVjdHNZJGFyY2hpdmVyVCR0b3ASAAGGoKgHCBMUFRYaIVUkbnVsbNMJCgsMDxJXTlMua2V5c1pOUy5vYmplY3RzViRjbGFzc6INDoACgAOiEBGABIAFgAdccmVsYXRpdmVQYXRoWWFsaWFzRGF0YV8QIS4uLy4uLy4uLy4uL0Rvd25sb2Fkcy8zMTQ5NzkzLnBkZtIXCxgZV05TLmRhdGFPEQF2AAAAAAF2AAIAAAxNYWNpbnRvc2ggSEQAAAAAAAAAAAAAAAAAAADNyRVKSCsAAAAFwL4LMzE0OTc5My5wZGYAAAAAAAAAAAAAAAAAAAAAAAAAAAAAAAAAAAAAAAAAAAAAAAAAAAAAAAAAAAAAAAAAAAAAAAjKNc4m/FpQREYgAAAAAAAEAAIAAAkgAAAAAAAAAAAAAAAAAAAACURvd25sb2FkcwAAEAAIAADNyPkqAAAAEQAIAADOJuA6AAAAAQAMAAXAvgAFwLsAAhIpAAIANE1hY2ludG9zaCBIRDpVc2VyczoAQnVlcmNrZWw6AERvd25sb2FkczoAMzE0OTc5My5wZGYADgAYAAsAMwAxADQAOQA3ADkAMwAuAHAAZABmAA8AGgAMAE0AYQBjAGkAbgB0AG8AcwBoACAASABEABIAJFVzZXJzL0J1ZXJja2VsL0Rvd25sb2Fkcy8zMTQ5NzkzLnBkZgATAAEvAAAVAAIAD///AACABtIbHB0eWiRjbGFzc25hbWVYJGNsYXNzZXNdTlNNdXRhYmxlRGF0YaMdHyBWTlNEYXRhWE5TT2JqZWN00hscIiNcTlNEaWN0aW9uYXJ5oiIgXxAPTlNLZXllZEFyY2hpdmVy0SYnVHJvb3SAAQAIABEAGgAjAC0AMgA3AEAARgBNAFUAYABnAGoAbABuAHEAcwB1AHcAhACOALIAtwC/AjkCOwJAAksCVAJiAmYCbQJ2AnsCiAKLAp0CoAKlAAAAAAAAAgEAAAAAAAAAKAAAAAAAAAAAAAAAAAAAAqc=}}

@article{bruyneel2009felt,
	Author = {Bruyneel, Sabrina D and Dewitte, Siegfried and Franses, Philip Hans and Dekimpe, Marnik G},
	Date-Added = {2013-08-05 10:07:58 +0000},
	Date-Modified = {2013-08-05 10:07:58 +0000},
	Journal = {Journal of Behavioral Decision Making},
	Number = {2},
	Pages = {153--170},
	Publisher = {Wiley Online Library},
	Title = {I felt low and my purse feels light: Depleting mood regulation attempts affect risk decision making},
	Volume = {22},
	Year = {2009},
	Bdsk-File-1 = {YnBsaXN0MDDUAQIDBAUGJCVYJHZlcnNpb25YJG9iamVjdHNZJGFyY2hpdmVyVCR0b3ASAAGGoKgHCBMUFRYaIVUkbnVsbNMJCgsMDxJXTlMua2V5c1pOUy5vYmplY3RzViRjbGFzc6INDoACgAOiEBGABIAFgAdccmVsYXRpdmVQYXRoWWFsaWFzRGF0YV8QSS4uLy4uLy4uLy4uL0Rvd25sb2Fkcy9KQkRNIDIwMDkgLSBCcnV5bmVlbCBldCBhbCAtIGRlcGxldGlvbiBhbmQgcmlzay5wZGbSFwsYGVdOUy5kYXRhTxECAgAAAAACAgACAAAMTWFjaW50b3NoIEhEAAAAAAAAAAAAAAAAAAAAzckVSkgrAAAABcC+H0pCRE0gMjAwOSAtIEJydXluZWVsICM5MzBCRi5wZGYAAAAAAAAAAAAAAAAAAAAAAAAAAAAAAAAAAAAAAAAAAAAJML/OJUYCUERGIAAAAAAABAACAAAJIAAAAAAAAAAAAAAAAAAAAAlEb3dubG9hZHMAABAACAAAzcj5KgAAABEACAAAziUp4gAAAAEADAAFwL4ABcC7AAISKQACAEhNYWNpbnRvc2ggSEQ6VXNlcnM6AEJ1ZXJja2VsOgBEb3dubG9hZHM6AEpCRE0gMjAwOSAtIEJydXluZWVsICM5MzBCRi5wZGYADgBoADMASgBCAEQATQAgADIAMAAwADkAIAAtACAAQgByAHUAeQBuAGUAZQBsACAAZQB0ACAAYQBsACAALQAgAGQAZQBwAGwAZQB0AGkAbwBuACAAYQBuAGQAIAByAGkAcwBrAC4AcABkAGYADwAaAAwATQBhAGMAaQBuAHQAbwBzAGgAIABIAEQAEgBMVXNlcnMvQnVlcmNrZWwvRG93bmxvYWRzL0pCRE0gMjAwOSAtIEJydXluZWVsIGV0IGFsIC0gZGVwbGV0aW9uIGFuZCByaXNrLnBkZgATAAEvAAAVAAIAD///AACABtIbHB0eWiRjbGFzc25hbWVYJGNsYXNzZXNdTlNNdXRhYmxlRGF0YaMdHyBWTlNEYXRhWE5TT2JqZWN00hscIiNcTlNEaWN0aW9uYXJ5oiIgXxAPTlNLZXllZEFyY2hpdmVy0SYnVHJvb3SAAQAIABEAGgAjAC0AMgA3AEAARgBNAFUAYABnAGoAbABuAHEAcwB1AHcAhACOANoA3wDnAu0C7wL0Av8DCAMWAxoDIQMqAy8DPAM/A1EDVANZAAAAAAAAAgEAAAAAAAAAKAAAAAAAAAAAAAAAAAAAA1s=}}

@article{mischel1996good,
	Author = {Mischel, Walter},
	Date-Added = {2013-08-04 14:19:00 +0000},
	Date-Modified = {2013-08-04 14:19:00 +0000},
	Journal = {The Psychology of Action: Linking Cognition and Motivation to Behavior},
	Pages = {197--218},
	Title = {From good intentions to willpower},
	Volume = {9},
	Year = {1996}}

@article{gross1997hiding,
	Author = {Gross, James J and Levenson, Robert W},
	Date-Added = {2013-08-04 14:17:08 +0000},
	Date-Modified = {2013-08-04 14:17:08 +0000},
	Journal = {Journal of abnormal psychology},
	Number = {1},
	Pages = {95},
	Publisher = {American Psychological Association},
	Title = {Hiding feelings: the acute effects of inhibiting negative and positive emotion.},
	Volume = {106},
	Year = {1997}}

@article{baumeister2002yielding,
	Author = {Baumeister, Roy F},
	Date-Added = {2013-07-31 13:47:24 +0000},
	Date-Modified = {2013-07-31 13:47:24 +0000},
	Journal = {Journal of Consumer Research},
	Number = {4},
	Pages = {670--676},
	Publisher = {JSTOR},
	Title = {Yielding to temptation: Self-control failure, impulsive purchasing, and consumer behavior},
	Volume = {28},
	Year = {2002},
	Bdsk-File-1 = {YnBsaXN0MDDUAQIDBAUGJCVYJHZlcnNpb25YJG9iamVjdHNZJGFyY2hpdmVyVCR0b3ASAAGGoKgHCBMUFRYaIVUkbnVsbNMJCgsMDxJXTlMua2V5c1pOUy5vYmplY3RzViRjbGFzc6INDoACgAOiEBGABIAFgAdccmVsYXRpdmVQYXRoWWFsaWFzRGF0YV8QIkRBL1lpZWxkaW5nIHRvIFRlbXBhdGlvbnNfMjAwMi5wZGbSFwsYGVdOUy5kYXRhTxECEgAAAAACEgACAAAMTWFjaW50b3NoIEhEAAAAAAAAAAAAAAAAAAAAzckVSkgrAAAABxyIH1lpZWxkaW5nIHRvIFRlbXBhdGlvbnNfMjAwMi5wZGYAAAAAAAAAAAAAAAAAAAAAAAAAAAAAAAAAAAAAAAAAAAAHYnbN6ljEUERGIAAAAAAAAQADAAAJIAAAAAAAAAAAAAAAAAAAAAJEQQAQAAgAAM3I+SoAAAARAAgAAM3qPKQAAAABABwABxyIAAcbugAF+RoABfVHAAXAvAAFwLsAAhIpAAIAbE1hY2ludG9zaCBIRDpVc2VyczoAQnVlcmNrZWw6AERvY3VtZW50czoAUmVzZWFyY2g6AEVnbyBEZXBsZXRpb246AFBhcGVyOgBEQToAWWllbGRpbmcgdG8gVGVtcGF0aW9uc18yMDAyLnBkZgAOAEAAHwBZAGkAZQBsAGQAaQBuAGcAIAB0AG8AIABUAGUAbQBwAGEAdABpAG8AbgBzAF8AMgAwADAAMgAuAHAAZABmAA8AGgAMAE0AYQBjAGkAbgB0AG8AcwBoACAASABEABIAWFVzZXJzL0J1ZXJja2VsL0RvY3VtZW50cy9SZXNlYXJjaC9FZ28gRGVwbGV0aW9uL1BhcGVyL0RBL1lpZWxkaW5nIHRvIFRlbXBhdGlvbnNfMjAwMi5wZGYAEwABLwAAFQACAA///wAAgAbSGxwdHlokY2xhc3NuYW1lWCRjbGFzc2VzXU5TTXV0YWJsZURhdGGjHR8gVk5TRGF0YVhOU09iamVjdNIbHCIjXE5TRGljdGlvbmFyeaIiIF8QD05TS2V5ZWRBcmNoaXZlctEmJ1Ryb290gAEACAARABoAIwAtADIANwBAAEYATQBVAGAAZwBqAGwAbgBxAHMAdQB3AIQAjgCzALgAwALWAtgC3QLoAvEC/wMDAwoDEwMYAyUDKAM6Az0DQgAAAAAAAAIBAAAAAAAAACgAAAAAAAAAAAAAAAAAAANE}}

@article{taylor1974role,
	Author = {Taylor, James W},
	Date-Added = {2013-07-31 13:46:09 +0000},
	Date-Modified = {2013-07-31 13:46:09 +0000},
	Journal = {The Journal of Marketing},
	Pages = {54--60},
	Publisher = {JSTOR},
	Title = {The role of risk in consumer behavior},
	Year = {1974},
	Bdsk-File-1 = {YnBsaXN0MDDUAQIDBAUGJCVYJHZlcnNpb25YJG9iamVjdHNZJGFyY2hpdmVyVCR0b3ASAAGGoKgHCBMUFRYaIVUkbnVsbNMJCgsMDxJXTlMua2V5c1pOUy5vYmplY3RzViRjbGFzc6INDoACgAOiEBGABIAFgAdccmVsYXRpdmVQYXRoWWFsaWFzRGF0YV8QIS4uLy4uLy4uLy4uL0Rvd25sb2Fkcy8xMjUwMTk4LnBkZtIXCxgZV05TLmRhdGFPEQF2AAAAAAF2AAIAAAxNYWNpbnRvc2ggSEQAAAAAAAAAAAAAAAAAAADNyRVKSCsAAAAFwL4LMTI1MDE5OC5wZGYAAAAAAAAAAAAAAAAAAAAAAAAAAAAAAAAAAAAAAAAAAAAAAAAAAAAAAAAAAAAAAAAAAAAAAAeG984df/xQREYgAAAAAAAEAAIAAAkgAAAAAAAAAAAAAAAAAAAACURvd25sb2FkcwAAEAAIAADNyPkqAAAAEQAIAADOHWPcAAAAAQAMAAXAvgAFwLsAAhIpAAIANE1hY2ludG9zaCBIRDpVc2VyczoAQnVlcmNrZWw6AERvd25sb2FkczoAMTI1MDE5OC5wZGYADgAYAAsAMQAyADUAMAAxADkAOAAuAHAAZABmAA8AGgAMAE0AYQBjAGkAbgB0AG8AcwBoACAASABEABIAJFVzZXJzL0J1ZXJja2VsL0Rvd25sb2Fkcy8xMjUwMTk4LnBkZgATAAEvAAAVAAIAD///AACABtIbHB0eWiRjbGFzc25hbWVYJGNsYXNzZXNdTlNNdXRhYmxlRGF0YaMdHyBWTlNEYXRhWE5TT2JqZWN00hscIiNcTlNEaWN0aW9uYXJ5oiIgXxAPTlNLZXllZEFyY2hpdmVy0SYnVHJvb3SAAQAIABEAGgAjAC0AMgA3AEAARgBNAFUAYABnAGoAbABuAHEAcwB1AHcAhACOALIAtwC/AjkCOwJAAksCVAJiAmYCbQJ2AnsCiAKLAp0CoAKlAAAAAAAAAgEAAAAAAAAAKAAAAAAAAAAAAAAAAAAAAqc=}}

@article{freeman2010self,
	Author = {Freeman, Nicholas and Muraven, Mark},
	Date-Added = {2013-07-31 13:44:32 +0000},
	Date-Modified = {2013-07-31 13:44:32 +0000},
	Journal = {Social Psychological and Personality Science},
	Number = {2},
	Pages = {175--181},
	Publisher = {Sage Publications},
	Title = {Self-control depletion leads to increased risk taking},
	Volume = {1},
	Year = {2010},
	Bdsk-File-1 = {YnBsaXN0MDDUAQIDBAUGJCVYJHZlcnNpb25YJG9iamVjdHNZJGFyY2hpdmVyVCR0b3ASAAGGoKgHCBMUFRYaIVUkbnVsbNMJCgsMDxJXTlMua2V5c1pOUy5vYmplY3RzViRjbGFzc6INDoACgAOiEBGABIAFgAdccmVsYXRpdmVQYXRoWWFsaWFzRGF0YV8QUnRvIGJlIGNoZWNrZWQvU29jaWFsIFBzeWNob2xvZ2ljYWwgYW5kIFBlcnNvbmFsaXR5IFNjaWVuY2UtMjAxMC1GcmVlbWFuLTE3NS04MS5wZGbSFwsYGVdOUy5kYXRhTxECpAAAAAACpAACAAAMTWFjaW50b3NoIEhEAAAAAAAAAAAAAAAAAAAAzckVSkgrAAAABxxpH1NvY2lhbCBQc3ljaG9sb2dpY2FsICM3MURFMy5wZGYAAAAAAAAAAAAAAAAAAAAAAAAAAAAAAAAAAAAAAAAAAAAHHePOHX1fAAAAAAAAAAAAAQADAAAJIAAAAAAAAAAAAAAAAAAAAA10byBiZSBjaGVja2VkAAAQAAgAAM3I+SoAAAARAAgAAM4dYT8AAAABABwABxxpAAcbugAF+RoABfVHAAXAvAAFwLsAAhIpAAIAd01hY2ludG9zaCBIRDpVc2VyczoAQnVlcmNrZWw6AERvY3VtZW50czoAUmVzZWFyY2g6AEVnbyBEZXBsZXRpb246AFBhcGVyOgB0byBiZSBjaGVja2VkOgBTb2NpYWwgUHN5Y2hvbG9naWNhbCAjNzFERTMucGRmAAAOAIoARABTAG8AYwBpAGEAbAAgAFAAcwB5AGMAaABvAGwAbwBnAGkAYwBhAGwAIABhAG4AZAAgAFAAZQByAHMAbwBuAGEAbABpAHQAeQAgAFMAYwBpAGUAbgBjAGUALQAyADAAMQAwAC0ARgByAGUAZQBtAGEAbgAtADEANwA1AC0AOAAxAC4AcABkAGYADwAaAAwATQBhAGMAaQBuAHQAbwBzAGgAIABIAEQAEgCIVXNlcnMvQnVlcmNrZWwvRG9jdW1lbnRzL1Jlc2VhcmNoL0VnbyBEZXBsZXRpb24vUGFwZXIvdG8gYmUgY2hlY2tlZC9Tb2NpYWwgUHN5Y2hvbG9naWNhbCBhbmQgUGVyc29uYWxpdHkgU2NpZW5jZS0yMDEwLUZyZWVtYW4tMTc1LTgxLnBkZgATAAEvAAAVAAIAD///AACABtIbHB0eWiRjbGFzc25hbWVYJGNsYXNzZXNdTlNNdXRhYmxlRGF0YaMdHyBWTlNEYXRhWE5TT2JqZWN00hscIiNcTlNEaWN0aW9uYXJ5oiIgXxAPTlNLZXllZEFyY2hpdmVy0SYnVHJvb3SAAQAIABEAGgAjAC0AMgA3AEAARgBNAFUAYABnAGoAbABuAHEAcwB1AHcAhACOAOMA6ADwA5gDmgOfA6oDswPBA8UDzAPVA9oD5wPqA/wD/wQEAAAAAAAAAgEAAAAAAAAAKAAAAAAAAAAAAAAAAAAABAY=}}

@article{vohs2008making,
	Author = {Vohs, Kathleen D and Baumeister, Roy F and Schmeichel, Brandon J and Twenge, Jean M and Nelson, Noelle M and Tice, Dianne M},
	Date-Added = {2013-07-31 13:43:28 +0000},
	Date-Modified = {2013-07-31 13:43:28 +0000},
	Journal = {Journal of Personality and Social Psychology},
	Number = {5},
	Pages = {883},
	Publisher = {American Psychological Association},
	Title = {Making choices impairs subsequent self-control: a limited-resource account of decision making, self-regulation, and active initiative.},
	Volume = {94},
	Year = {2008},
	Bdsk-File-1 = {YnBsaXN0MDDUAQIDBAUGJCVYJHZlcnNpb25YJG9iamVjdHNZJGFyY2hpdmVyVCR0b3ASAAGGoKgHCBMUFRYaIVUkbnVsbNMJCgsMDxJXTlMua2V5c1pOUy5vYmplY3RzViRjbGFzc6INDoACgAOiEBGABIAFgAdccmVsYXRpdmVQYXRoWWFsaWFzRGF0YV8QG3RvIGJlIGNoZWNrZWQvcHNwOTQ1ODgzLnBkZtIXCxgZV05TLmRhdGFPEQHuAAAAAAHuAAIAAAxNYWNpbnRvc2ggSEQAAAAAAAAAAAAAAAAAAADNyRVKSCsAAAAHHGkNcHNwOTQ1ODgzLnBkZgAAAAAAAAAAAAAAAAAAAAAAAAAAAAAAAAAAAAAAAAAAAAAAAAAAAAAAAAAAAAAAAAAAAAceIc4dfkwAAAAAAAAAAAABAAMAAAkgAAAAAAAAAAAAAAAAAAAADXRvIGJlIGNoZWNrZWQAABAACAAAzcj5KgAAABEACAAAzh1iLAAAAAEAHAAHHGkABxu6AAX5GgAF9UcABcC8AAXAuwACEikAAgBlTWFjaW50b3NoIEhEOlVzZXJzOgBCdWVyY2tlbDoARG9jdW1lbnRzOgBSZXNlYXJjaDoARWdvIERlcGxldGlvbjoAUGFwZXI6AHRvIGJlIGNoZWNrZWQ6AHBzcDk0NTg4My5wZGYAAA4AHAANAHAAcwBwADkANAA1ADgAOAAzAC4AcABkAGYADwAaAAwATQBhAGMAaQBuAHQAbwBzAGgAIABIAEQAEgBRVXNlcnMvQnVlcmNrZWwvRG9jdW1lbnRzL1Jlc2VhcmNoL0VnbyBEZXBsZXRpb24vUGFwZXIvdG8gYmUgY2hlY2tlZC9wc3A5NDU4ODMucGRmAAATAAEvAAAVAAIAD///AACABtIbHB0eWiRjbGFzc25hbWVYJGNsYXNzZXNdTlNNdXRhYmxlRGF0YaMdHyBWTlNEYXRhWE5TT2JqZWN00hscIiNcTlNEaWN0aW9uYXJ5oiIgXxAPTlNLZXllZEFyY2hpdmVy0SYnVHJvb3SAAQAIABEAGgAjAC0AMgA3AEAARgBNAFUAYABnAGoAbABuAHEAcwB1AHcAhACOAKwAsQC5AqsCrQKyAr0CxgLUAtgC3wLoAu0C+gL9Aw8DEgMXAAAAAAAAAgEAAAAAAAAAKAAAAAAAAAAAAAAAAAAAAxk=}}

@article{depaulo2003cues,
	Author = {DePaulo, Bella M and Lindsay, James J and Malone, Brian E and Muhlenbruck, Laura and Charlton, Kelly and Cooper, Harris},
	Date-Added = {2013-07-31 13:42:17 +0000},
	Date-Modified = {2013-07-31 13:42:42 +0000},
	Journal = {Psychological bulletin},
	Number = {1},
	Pages = {74},
	Publisher = {American Psychological Association},
	Title = {Cues to deception},
	Volume = {129},
	Year = {2003},
	Bdsk-File-1 = {YnBsaXN0MDDUAQIDBAUGJCVYJHZlcnNpb25YJG9iamVjdHNZJGFyY2hpdmVyVCR0b3ASAAGGoKgHCBMUFRYaIVUkbnVsbNMJCgsMDxJXTlMua2V5c1pOUy5vYmplY3RzViRjbGFzc6INDoACgAOiEBGABIAFgAdccmVsYXRpdmVQYXRoWWFsaWFzRGF0YV8QHERBL0N1ZXMgdG8gZGVjZXB0aW9uIHBkZi5wZGbSFwsYGVdOUy5kYXRhTxEB+gAAAAAB+gACAAAMTWFjaW50b3NoIEhEAAAAAAAAAAAAAAAAAAAAzckVSkgrAAAABxyIGUN1ZXMgdG8gZGVjZXB0aW9uIHBkZi5wZGYAAAAAAAAAAAAAAAAAAAAAAAAAAAAAAAAAAAAAAAAAAAAAAAAAAAAHHJ7N6lh8AAAAAAAAAAAAAQADAAAJIAAAAAAAAAAAAAAAAAAAAAJEQQAQAAgAAM3I+SoAAAARAAgAAM3qPFwAAAABABwABxyIAAcbugAF+RoABfVHAAXAvAAFwLsAAhIpAAIAZk1hY2ludG9zaCBIRDpVc2VyczoAQnVlcmNrZWw6AERvY3VtZW50czoAUmVzZWFyY2g6AEVnbyBEZXBsZXRpb246AFBhcGVyOgBEQToAQ3VlcyB0byBkZWNlcHRpb24gcGRmLnBkZgAOADQAGQBDAHUAZQBzACAAdABvACAAZABlAGMAZQBwAHQAaQBvAG4AIABwAGQAZgAuAHAAZABmAA8AGgAMAE0AYQBjAGkAbgB0AG8AcwBoACAASABEABIAUlVzZXJzL0J1ZXJja2VsL0RvY3VtZW50cy9SZXNlYXJjaC9FZ28gRGVwbGV0aW9uL1BhcGVyL0RBL0N1ZXMgdG8gZGVjZXB0aW9uIHBkZi5wZGYAEwABLwAAFQACAA///wAAgAbSGxwdHlokY2xhc3NuYW1lWCRjbGFzc2VzXU5TTXV0YWJsZURhdGGjHR8gVk5TRGF0YVhOU09iamVjdNIbHCIjXE5TRGljdGlvbmFyeaIiIF8QD05TS2V5ZWRBcmNoaXZlctEmJ1Ryb290gAEACAARABoAIwAtADIANwBAAEYATQBVAGAAZwBqAGwAbgBxAHMAdQB3AIQAjgCtALIAugK4AroCvwLKAtMC4QLlAuwC9QL6AwcDCgMcAx8DJAAAAAAAAAIBAAAAAAAAACgAAAAAAAAAAAAAAAAAAAMm}}

@article{weber2002domain,
	Author = {Weber, Elke U and Blais, Ann-Ren{\'e}e and Betz, Nancy E},
	Date-Added = {2013-07-31 13:40:58 +0000},
	Date-Modified = {2013-07-31 13:40:58 +0000},
	Journal = {Journal of Behavioral Decision Making},
	Number = {4},
	Pages = {263--290},
	Publisher = {Wiley Online Library},
	Title = {A domain-specific risk-attitude scale: Measuring risk perceptions and risk behaviors},
	Volume = {15},
	Year = {2002},
	Bdsk-File-1 = {YnBsaXN0MDDUAQIDBAUGJCVYJHZlcnNpb25YJG9iamVjdHNZJGFyY2hpdmVyVCR0b3ASAAGGoKgHCBMUFRYaIVUkbnVsbNMJCgsMDxJXTlMua2V5c1pOUy5vYmplY3RzViRjbGFzc6INDoACgAOiEBGABIAFgAdccmVsYXRpdmVQYXRoWWFsaWFzRGF0YV8QLHRvIGJlIGNoZWNrZWQvV2ViZXIgMjAwMiBKQkRNIHJpc2sgc2NhbGUucGRm0hcLGBlXTlMuZGF0YU8RAjAAAAAAAjAAAgAADE1hY2ludG9zaCBIRAAAAAAAAAAAAAAAAAAAAM3JFUpIKwAAAAccaR5XZWJlciAyMDAyIEpCRE0gcmlzayBzY2FsZS5wZGYAAAAAAAAAAAAAAAAAAAAAAAAAAAAAAAAAAAAAAAAAAAAADucvzh1+bVBERiAAAAAAAAEAAwAACSAAAAAAAAAAAAAAAAAAAAANdG8gYmUgY2hlY2tlZAAAEAAIAADNyPkqAAAAEQAIAADOHWJNAAAAAQAcAAccaQAHG7oABfkaAAX1RwAFwLwABcC7AAISKQACAHZNYWNpbnRvc2ggSEQ6VXNlcnM6AEJ1ZXJja2VsOgBEb2N1bWVudHM6AFJlc2VhcmNoOgBFZ28gRGVwbGV0aW9uOgBQYXBlcjoAdG8gYmUgY2hlY2tlZDoAV2ViZXIgMjAwMiBKQkRNIHJpc2sgc2NhbGUucGRmAA4APgAeAFcAZQBiAGUAcgAgADIAMAAwADIAIABKAEIARABNACAAcgBpAHMAawAgAHMAYwBhAGwAZQAuAHAAZABmAA8AGgAMAE0AYQBjAGkAbgB0AG8AcwBoACAASABEABIAYlVzZXJzL0J1ZXJja2VsL0RvY3VtZW50cy9SZXNlYXJjaC9FZ28gRGVwbGV0aW9uL1BhcGVyL3RvIGJlIGNoZWNrZWQvV2ViZXIgMjAwMiBKQkRNIHJpc2sgc2NhbGUucGRmABMAAS8AABUAAgAP//8AAIAG0hscHR5aJGNsYXNzbmFtZVgkY2xhc3Nlc11OU011dGFibGVEYXRhox0fIFZOU0RhdGFYTlNPYmplY3TSGxwiI1xOU0RpY3Rpb25hcnmiIiBfEA9OU0tleWVkQXJjaGl2ZXLRJidUcm9vdIABAAgAEQAaACMALQAyADcAQABGAE0AVQBgAGcAagBsAG4AcQBzAHUAdwCEAI4AvQDCAMoC/gMAAwUDEAMZAycDKwMyAzsDQANNA1ADYgNlA2oAAAAAAAACAQAAAAAAAAAoAAAAAAAAAAAAAAAAAAADbA==}}

@article{hofmann2008free,
	Abstract = {An important goal for consumer psychology is to understand when and why consumer behavior is driven by impulses versus rational decisions. Models accounting for the different shades of consumer behavior should spell out how impulsive versus reflective precursors of action are instigated, how they transform into behavior, when they conflict with each other, how such conflicts are resolved, and which boundary conditions (such as ego depletion) affect the relative influence of impulsive versus reflective precursors on behavior. Introducing the notion of free will into consumer psychology may discourage researchers from investigating the specific mechanisms underlying consumer choice and behavior.
{\copyright} 2007 Society for Consumer Psychology. Published by Elsevier Inc. All rights reserved.},
	Author = {Hofmann, Wilhelm and Strack, Fritz and Deutsch, Roland},
	Date-Added = {2013-07-31 12:23:37 +0000},
	Date-Modified = {2013-07-31 12:50:25 +0000},
	Journal = {Journal of Consumer Psychology},
	Number = {1},
	Pages = {22--26},
	Publisher = {Elsevier},
	Title = {Free to buy? Explaining self-control and impulse in consumer behavior},
	Volume = {18},
	Year = {2008},
	Bdsk-File-1 = {YnBsaXN0MDDUAQIDBAUGJCVYJHZlcnNpb25YJG9iamVjdHNZJGFyY2hpdmVyVCR0b3ASAAGGoKgHCBMUFRYaIVUkbnVsbNMJCgsMDxJXTlMua2V5c1pOUy5vYmplY3RzViRjbGFzc6INDoACgAOiEBGABIAFgAdccmVsYXRpdmVQYXRoWWFsaWFzRGF0YV8QNC4uLy4uLy4uLy4uL0Rvd25sb2Fkcy9Ib2ZtYW5uX1N0cmFja19EZXV0c2NoX0pDUC5wZGbSFwsYGVdOUy5kYXRhTxEBxAAAAAABxAACAAAMTWFjaW50b3NoIEhEAAAAAAAAAAAAAAAAAAAAzckVSkgrAAAABcC+HkhvZm1hbm5fU3RyYWNrX0RldXRzY2hfSkNQLnBkZgAAAAAAAAAAAAAAAAAAAAAAAAAAAAAAAAAAAAAAAAAAAAAHM23OHs5JAAAAAAAAAAAABAACAAAJIAAAAAAAAAAAAAAAAAAAAAlEb3dubG9hZHMAABAACAAAzcj5KgAAABEACAAAzh6yKQAAAAEADAAFwL4ABcC7AAISKQACAEdNYWNpbnRvc2ggSEQ6VXNlcnM6AEJ1ZXJja2VsOgBEb3dubG9hZHM6AEhvZm1hbm5fU3RyYWNrX0RldXRzY2hfSkNQLnBkZgAADgA+AB4ASABvAGYAbQBhAG4AbgBfAFMAdAByAGEAYwBrAF8ARABlAHUAdABzAGMAaABfAEoAQwBQAC4AcABkAGYADwAaAAwATQBhAGMAaQBuAHQAbwBzAGgAIABIAEQAEgA3VXNlcnMvQnVlcmNrZWwvRG93bmxvYWRzL0hvZm1hbm5fU3RyYWNrX0RldXRzY2hfSkNQLnBkZgAAEwABLwAAFQACAA///wAAgAbSGxwdHlokY2xhc3NuYW1lWCRjbGFzc2VzXU5TTXV0YWJsZURhdGGjHR8gVk5TRGF0YVhOU09iamVjdNIbHCIjXE5TRGljdGlvbmFyeaIiIF8QD05TS2V5ZWRBcmNoaXZlctEmJ1Ryb290gAEACAARABoAIwAtADIANwBAAEYATQBVAGAAZwBqAGwAbgBxAHMAdQB3AIQAjgDFAMoA0gKaApwCoQKsArUCwwLHAs4C1wLcAukC7AL+AwEDBgAAAAAAAAIBAAAAAAAAACgAAAAAAAAAAAAAAAAAAAMI}}

@article{baumeister2012self,
	Abstract = {The capacity of the human mind to alter its own responses is one of the wonders of nature. It is a vital foundation for culture, progress, achievement, morality and individual success. This article provides an overview of a research programme that has been pursued for the past two decades. It has led the researchers to bring back the Victorian notion of willpower as
a limited supply of energy that is used for control and self-discipline -- and several other important phenomena, including making decisions. Self-control processes link together mind with body, present with future and past, resisting temptation with making choices, and a remarkably wide range of daily activities with each other.},
	Author = {Baumeister, RF and Tierney, J},
	Date-Added = {2013-07-31 12:17:08 +0000},
	Date-Modified = {2013-07-31 12:55:42 +0000},
	Journal = {Social Psychology},
	Pages = {1252--1265},
	Title = {Self-control--the moral muscle},
	Volume = {74},
	Year = {2012},
	Bdsk-File-1 = {YnBsaXN0MDDUAQIDBAUGJCVYJHZlcnNpb25YJG9iamVjdHNZJGFyY2hpdmVyVCR0b3ASAAGGoKgHCBMUFRYaIVUkbnVsbNMJCgsMDxJXTlMua2V5c1pOUy5vYmplY3RzViRjbGFzc6INDoACgAOiEBGABIAFgAdccmVsYXRpdmVQYXRoWWFsaWFzRGF0YV8QH0RBL3RoZXBzeWNob2xvZ2lzdFwwMjAyYmF1bS5wZGbSFwsYGVdOUy5kYXRhTxECCAAAAAACCAACAAAMTWFjaW50b3NoIEhEAAAAAAAAAAAAAAAAAAAAzckVSkgrAAAABxyIHHRoZXBzeWNob2xvZ2lzdFwwMjAyYmF1bS5wZGYAAAAAAAAAAAAAAAAAAAAAAAAAAAAAAAAAAAAAAAAAAAAAAAAHMtHOHszRAAAAAAAAAAAAAQADAAAJIAAAAAAAAAAAAAAAAAAAAAJEQQAQAAgAAM3I+SoAAAARAAgAAM4esLEAAAABABwABxyIAAcbugAF+RoABfVHAAXAvAAFwLsAAhIpAAIAaU1hY2ludG9zaCBIRDpVc2VyczoAQnVlcmNrZWw6AERvY3VtZW50czoAUmVzZWFyY2g6AEVnbyBEZXBsZXRpb246AFBhcGVyOgBEQToAdGhlcHN5Y2hvbG9naXN0XDAyMDJiYXVtLnBkZgAADgA6ABwAdABoAGUAcABzAHkAYwBoAG8AbABvAGcAaQBzAHQAXAAwADIAMAAyAGIAYQB1AG0ALgBwAGQAZgAPABoADABNAGEAYwBpAG4AdABvAHMAaAAgAEgARAASAFVVc2Vycy9CdWVyY2tlbC9Eb2N1bWVudHMvUmVzZWFyY2gvRWdvIERlcGxldGlvbi9QYXBlci9EQS90aGVwc3ljaG9sb2dpc3RcMDIwMmJhdW0ucGRmAAATAAEvAAAVAAIAD///AACABtIbHB0eWiRjbGFzc25hbWVYJGNsYXNzZXNdTlNNdXRhYmxlRGF0YaMdHyBWTlNEYXRhWE5TT2JqZWN00hscIiNcTlNEaWN0aW9uYXJ5oiIgXxAPTlNLZXllZEFyY2hpdmVy0SYnVHJvb3SAAQAIABEAGgAjAC0AMgA3AEAARgBNAFUAYABnAGoAbABuAHEAcwB1AHcAhACOALAAtQC9AskCywLQAtsC5ALyAvYC/QMGAwsDGAMbAy0DMAM1AAAAAAAAAgEAAAAAAAAAKAAAAAAAAAAAAAAAAAAAAzc=}}

@article{tierney2011you,
	Author = {Tierney, John},
	Date-Added = {2013-07-31 12:14:44 +0000},
	Date-Modified = {2013-07-31 12:14:44 +0000},
	Journal = {New York Times, August},
	Title = {Do you suffer from decision fatigue?},
	Volume = {17},
	Year = {2011},
	Bdsk-File-1 = {YnBsaXN0MDDUAQIDBAUGJCVYJHZlcnNpb25YJG9iamVjdHNZJGFyY2hpdmVyVCR0b3ASAAGGoKgHCBMUFRYaIVUkbnVsbNMJCgsMDxJXTlMua2V5c1pOUy5vYmplY3RzViRjbGFzc6INDoACgAOiEBGABIAFgAdccmVsYXRpdmVQYXRoWWFsaWFzRGF0YV8QFkRBL0RlY2lzaW9uRmF0aWd1ZS5wZGbSFwsYGVdOUy5kYXRhTxEB4gAAAAAB4gACAAAMTWFjaW50b3NoIEhEAAAAAAAAAAAAAAAAAAAAzckVSkgrAAAABxyIE0RlY2lzaW9uRmF0aWd1ZS5wZGYAAAAAAAAAAAAAAAAAAAAAAAAAAAAAAAAAAAAAAAAAAAAAAAAAAAAAAAAAAAAHMp3OHsw7AAAAAAAAAAAAAQADAAAJIAAAAAAAAAAAAAAAAAAAAAJEQQAQAAgAAM3I+SoAAAARAAgAAM4esBsAAAABABwABxyIAAcbugAF+RoABfVHAAXAvAAFwLsAAhIpAAIAYE1hY2ludG9zaCBIRDpVc2VyczoAQnVlcmNrZWw6AERvY3VtZW50czoAUmVzZWFyY2g6AEVnbyBEZXBsZXRpb246AFBhcGVyOgBEQToARGVjaXNpb25GYXRpZ3VlLnBkZgAOACgAEwBEAGUAYwBpAHMAaQBvAG4ARgBhAHQAaQBnAHUAZQAuAHAAZABmAA8AGgAMAE0AYQBjAGkAbgB0AG8AcwBoACAASABEABIATFVzZXJzL0J1ZXJja2VsL0RvY3VtZW50cy9SZXNlYXJjaC9FZ28gRGVwbGV0aW9uL1BhcGVyL0RBL0RlY2lzaW9uRmF0aWd1ZS5wZGYAEwABLwAAFQACAA///wAAgAbSGxwdHlokY2xhc3NuYW1lWCRjbGFzc2VzXU5TTXV0YWJsZURhdGGjHR8gVk5TRGF0YVhOU09iamVjdNIbHCIjXE5TRGljdGlvbmFyeaIiIF8QD05TS2V5ZWRBcmNoaXZlctEmJ1Ryb290gAEACAARABoAIwAtADIANwBAAEYATQBVAGAAZwBqAGwAbgBxAHMAdQB3AIQAjgCnAKwAtAKaApwCoQKsArUCwwLHAs4C1wLcAukC7AL+AwEDBgAAAAAAAAIBAAAAAAAAACgAAAAAAAAAAAAAAAAAAAMI}}

@article{danziger2011extraneous,
	Author = {Danziger, Shai and Levav, Jonathan and Avnaim-Pesso, Liora},
	Date-Added = {2013-07-31 12:08:47 +0000},
	Date-Modified = {2013-10-06 23:29:06 +0000},
	Journal = {Proceedings of the National Academy of Sciences},
	Keywords = {decisionmaking, legal realism, mental depletion, expert decisionmaking, ego depletion},
	Number = {17},
	Pages = {6889--6892},
	Publisher = {National Acad Sciences},
	Title = {Extraneous factors in judicial decisions},
	Volume = {108},
	Year = {2011},
	Bdsk-File-1 = {YnBsaXN0MDDUAQIDBAUGJCVYJHZlcnNpb25YJG9iamVjdHNZJGFyY2hpdmVyVCR0b3ASAAGGoKgHCBMUFRYaIVUkbnVsbNMJCgsMDxJXTlMua2V5c1pOUy5vYmplY3RzViRjbGFzc6INDoACgAOiEBGABIAFgAdccmVsYXRpdmVQYXRoWWFsaWFzRGF0YV8QIURBL1BOQVMtMjAxMS1EYW56aWdlci02ODg5LTkyLnBkZtIXCxgZV05TLmRhdGFPEQIQAAAAAAIQAAIAAAxNYWNpbnRvc2ggSEQAAAAAAAAAAAAAAAAAAADNyRVKSCsAAAAHHIgeUE5BUy0yMDExLURhbnppZ2VyLTY4ODktOTIucGRmAAAAAAAAAAAAAAAAAAAAAAAAAAAAAAAAAAAAAAAAAAAAAA1xq84eysBQREYgAAAAAAABAAMAAAkgAAAAAAAAAAAAAAAAAAAAAkRBABAACAAAzcj5KgAAABEACAAAzh6uoAAAAAEAHAAHHIgABxu6AAX5GgAF9UcABcC8AAXAuwACEikAAgBrTWFjaW50b3NoIEhEOlVzZXJzOgBCdWVyY2tlbDoARG9jdW1lbnRzOgBSZXNlYXJjaDoARWdvIERlcGxldGlvbjoAUGFwZXI6AERBOgBQTkFTLTIwMTEtRGFuemlnZXItNjg4OS05Mi5wZGYAAA4APgAeAFAATgBBAFMALQAyADAAMQAxAC0ARABhAG4AegBpAGcAZQByAC0ANgA4ADgAOQAtADkAMgAuAHAAZABmAA8AGgAMAE0AYQBjAGkAbgB0AG8AcwBoACAASABEABIAV1VzZXJzL0J1ZXJja2VsL0RvY3VtZW50cy9SZXNlYXJjaC9FZ28gRGVwbGV0aW9uL1BhcGVyL0RBL1BOQVMtMjAxMS1EYW56aWdlci02ODg5LTkyLnBkZgAAEwABLwAAFQACAA///wAAgAbSGxwdHlokY2xhc3NuYW1lWCRjbGFzc2VzXU5TTXV0YWJsZURhdGGjHR8gVk5TRGF0YVhOU09iamVjdNIbHCIjXE5TRGljdGlvbmFyeaIiIF8QD05TS2V5ZWRBcmNoaXZlctEmJ1Ryb290gAEACAARABoAIwAtADIANwBAAEYATQBVAGAAZwBqAGwAbgBxAHMAdQB3AIQAjgCyALcAvwLTAtUC2gLlAu4C/AMAAwcDEAMVAyIDJQM3AzoDPwAAAAAAAAIBAAAAAAAAACgAAAAAAAAAAAAAAAAAAANB}}

@article{levav2010order,
	Abstract = {Differentiated product models are predicated on the belief that a product's utility can be derived from the summation of utilities for its individual attributes. In one framed field experiment and two nat- ural field experiments, we test this assumption by experimentally ma- nipulating the order of attribute presentation in the product custom- ization process of custom-made suits and automobiles. We find that order affects the design of a suit that people configure and the design and price of a car that people purchase by influencing the likelihood that they will accept the default option suggested by the firm.},
	Author = {Levav, Jonathan and Heitmann, Mark and Herrmann, Andreas and Iyengar, Sheena S},
	Date-Added = {2013-07-31 12:06:13 +0000},
	Date-Modified = {2013-07-31 12:53:15 +0000},
	Journal = {Journal of Political Economy},
	Number = {2},
	Pages = {274--299},
	Publisher = {JSTOR},
	Title = {Order in product customization decisions: Evidence from field experiments},
	Volume = {118},
	Year = {2010},
	Bdsk-File-1 = {YnBsaXN0MDDUAQIDBAUGJCVYJHZlcnNpb25YJG9iamVjdHNZJGFyY2hpdmVyVCR0b3ASAAGGoKgHCBMUFRYaIVUkbnVsbNMJCgsMDxJXTlMua2V5c1pOUy5vYmplY3RzViRjbGFzc6INDoACgAOiEBGABIAFgAdccmVsYXRpdmVQYXRoWWFsaWFzRGF0YV1EQS82NTI0NjMucGRm0hcLGBlXTlMuZGF0YU8RAcAAAAAAAcAAAgAADE1hY2ludG9zaCBIRAAAAAAAAAAAAAAAAAAAAM3JFUpIKwAAAAcciAo2NTI0NjMucGRmAAAAAAAAAAAAAAAAAAAAAAAAAAAAAAAAAAAAAAAAAAAAAAAAAAAAAAAAAAAAAAAAAAAAAAAABzGNzh7KPAAAAAAAAAAAAAEAAwAACSAAAAAAAAAAAAAAAAAAAAACREEAEAAIAADNyPkqAAAAEQAIAADOHq4cAAAAAQAcAAcciAAHG7oABfkaAAX1RwAFwLwABcC7AAISKQACAFdNYWNpbnRvc2ggSEQ6VXNlcnM6AEJ1ZXJja2VsOgBEb2N1bWVudHM6AFJlc2VhcmNoOgBFZ28gRGVwbGV0aW9uOgBQYXBlcjoAREE6ADY1MjQ2My5wZGYAAA4AFgAKADYANQAyADQANgAzAC4AcABkAGYADwAaAAwATQBhAGMAaQBuAHQAbwBzAGgAIABIAEQAEgBDVXNlcnMvQnVlcmNrZWwvRG9jdW1lbnRzL1Jlc2VhcmNoL0VnbyBEZXBsZXRpb24vUGFwZXIvREEvNjUyNDYzLnBkZgAAEwABLwAAFQACAA///wAAgAbSGxwdHlokY2xhc3NuYW1lWCRjbGFzc2VzXU5TTXV0YWJsZURhdGGjHR8gVk5TRGF0YVhOU09iamVjdNIbHCIjXE5TRGljdGlvbmFyeaIiIF8QD05TS2V5ZWRBcmNoaXZlctEmJ1Ryb290gAEACAARABoAIwAtADIANwBAAEYATQBVAGAAZwBqAGwAbgBxAHMAdQB3AIQAjgCcAKEAqQJtAm8CdAJ/AogClgKaAqECqgKvArwCvwLRAtQC2QAAAAAAAAIBAAAAAAAAACgAAAAAAAAAAAAAAAAAAALb}}

@article{unger2011ego,
	Abstract = {Ego-depletion theory postulates the existence of a mental resource that is necessary for self-regulation. If the resource is diminished by a task involving self-control, achievement in subsequent self-control tasks will be impaired. Three experiments examined whether ego-depletion limits people's intentionality regarding risk behavior (i.e., choosing an option that has a certain probability of resulting in an adverse outcome). It is assumed that people operating under ego-depletion lack the self-control to deal with these possibly negative outcomes and will, therefore, be prone to avoid risky alternatives, if the decision requires certain levels of responsibility and information processing (i.e., people will choose safe options in an investment scenario with actual pay-offs according to expected values). Results support the assumption that people become risk averse under ego-depletion even when controlling for the alternate assumption that ego-depletion strengthens an existing individual disposition toward risk taking.},
	Author = {Unger, Alexander and Stahlberg, Dagmar},
	Date-Added = {2013-07-31 12:02:57 +0000},
	Date-Modified = {2013-07-31 12:49:19 +0000},
	Journal = {Social Psychology},
	Keywords = {ego-depletion, risk behavior, risk aversion, intentionality},
	Number = {1},
	Pages = {28},
	Publisher = {Hogrefe Publishing},
	Title = {Ego-depletion and risk behavior: Too exhausted to take a risk.},
	Volume = {42},
	Year = {2011},
	Bdsk-File-1 = {YnBsaXN0MDDUAQIDBAUGJCVYJHZlcnNpb25YJG9iamVjdHNZJGFyY2hpdmVyVCR0b3ASAAGGoKgHCBMUFRYaIVUkbnVsbNMJCgsMDxJXTlMua2V5c1pOUy5vYmplY3RzViRjbGFzc6INDoACgAOiEBGABIAFgAdccmVsYXRpdmVQYXRoWWFsaWFzRGF0YV8QEURBL1VuZ2VyXzIwMTEucGRm0hcLGBlXTlMuZGF0YU8RAdAAAAAAAdAAAgAADE1hY2ludG9zaCBIRAAAAAAAAAAAAAAAAAAAAM3JFUpIKwAAAAcciA5Vbmdlcl8yMDExLnBkZgAAAAAAAAAAAAAAAAAAAAAAAAAAAAAAAAAAAAAAAAAAAAAAAAAAAAAAAAAAAAAAAAAADSuWzepXilBERiAAAAAAAAEAAwAACSAAAAAAAAAAAAAAAAAAAAACREEAEAAIAADNyPkqAAAAEQAIAADN6jtqAAAAAQAcAAcciAAHG7oABfkaAAX1RwAFwLwABcC7AAISKQACAFtNYWNpbnRvc2ggSEQ6VXNlcnM6AEJ1ZXJja2VsOgBEb2N1bWVudHM6AFJlc2VhcmNoOgBFZ28gRGVwbGV0aW9uOgBQYXBlcjoAREE6AFVuZ2VyXzIwMTEucGRmAAAOAB4ADgBVAG4AZwBlAHIAXwAyADAAMQAxAC4AcABkAGYADwAaAAwATQBhAGMAaQBuAHQAbwBzAGgAIABIAEQAEgBHVXNlcnMvQnVlcmNrZWwvRG9jdW1lbnRzL1Jlc2VhcmNoL0VnbyBEZXBsZXRpb24vUGFwZXIvREEvVW5nZXJfMjAxMS5wZGYAABMAAS8AABUAAgAP//8AAIAG0hscHR5aJGNsYXNzbmFtZVgkY2xhc3Nlc11OU011dGFibGVEYXRhox0fIFZOU0RhdGFYTlNPYmplY3TSGxwiI1xOU0RpY3Rpb25hcnmiIiBfEA9OU0tleWVkQXJjaGl2ZXLRJidUcm9vdIABAAgAEQAaACMALQAyADcAQABGAE0AVQBgAGcAagBsAG4AcQBzAHUAdwCEAI4AogCnAK8CgwKFAooClQKeAqwCsAK3AsACxQLSAtUC5wLqAu8AAAAAAAACAQAAAAAAAAAoAAAAAAAAAAAAAAAAAAAC8Q==}}

@article{muraven1998self,
	Abstract = {If self-regulation conforms to an energy or strength model, then self-control should be impaired by prior exertion. In Study 1, trying to regulate one's emotional response to an upsetting movie was followed by a decrease in physical stamina. In Study 2, suppressing forbidden thoughts led to a subsequent tendency to give up quickly on unsolvable anagrams. In Study 3, suppressing thoughts impaired subsequent efforts to control the expression of amusement and enjoyment. In Study 4, autobiographical accounts of successful versus failed emotional control linked prior regulatory de- mands and fatigue to self-regulatory failure. A strength model of self-regulation fits the data better than activation, priming, skill, or constant capacity models of self-regulation.},
	Author = {Muraven, Mark and Tice, Dianne M and Baumeister, Roy F},
	Date-Added = {2013-07-31 12:00:49 +0000},
	Date-Modified = {2013-07-31 12:54:30 +0000},
	Journal = {Journal of personality and social psychology},
	Number = {3},
	Pages = {774},
	Publisher = {American Psychological Association},
	Title = {Self-control as a limited resource: Regulatory depletion patterns.},
	Volume = {74},
	Year = {1998},
	Bdsk-File-1 = {YnBsaXN0MDDUAQIDBAUGJCVYJHZlcnNpb25YJG9iamVjdHNZJGFyY2hpdmVyVCR0b3ASAAGGoKgHCBMUFRYaIVUkbnVsbNMJCgsMDxJXTlMua2V5c1pOUy5vYmplY3RzViRjbGFzc6INDoACgAOiEBGABIAFgAdccmVsYXRpdmVQYXRoWWFsaWFzRGF0YV8QRkRBL3NlbGYtY29udHJvbF9hc19saW1pdGVkX3Jlc291cmNlLV9yZWd1bGF0b3J5X2RlcGxldGlvbl9wYXR0ZXJucy5wZGbSFwsYGVdOUy5kYXRhTxECfgAAAAACfgACAAAMTWFjaW50b3NoIEhEAAAAAAAAAAAAAAAAAAAAzckVSkgrAAAABxyIH3NlbGYtY29udHJvbF9hc19saW1pdCM3MUM4QS5wZGYAAAAAAAAAAAAAAAAAAAAAAAAAAAAAAAAAAAAAAAAAAAAHHIrN6lg+AAAAAAAAAAAAAQADAAAJIAAAAAAAAAAAAAAAAAAAAAJEQQAQAAgAAM3I+SoAAAARAAgAAM3qPB4AAAABABwABxyIAAcbugAF+RoABfVHAAXAvAAFwLsAAhIpAAIAbE1hY2ludG9zaCBIRDpVc2VyczoAQnVlcmNrZWw6AERvY3VtZW50czoAUmVzZWFyY2g6AEVnbyBEZXBsZXRpb246AFBhcGVyOgBEQToAc2VsZi1jb250cm9sX2FzX2xpbWl0IzcxQzhBLnBkZgAOAIgAQwBzAGUAbABmAC0AYwBvAG4AdAByAG8AbABfAGEAcwBfAGwAaQBtAGkAdABlAGQAXwByAGUAcwBvAHUAcgBjAGUALQBfAHIAZQBnAHUAbABhAHQAbwByAHkAXwBkAGUAcABsAGUAdABpAG8AbgBfAHAAYQB0AHQAZQByAG4AcwAuAHAAZABmAA8AGgAMAE0AYQBjAGkAbgB0AG8AcwBoACAASABEABIAfFVzZXJzL0J1ZXJja2VsL0RvY3VtZW50cy9SZXNlYXJjaC9FZ28gRGVwbGV0aW9uL1BhcGVyL0RBL3NlbGYtY29udHJvbF9hc19saW1pdGVkX3Jlc291cmNlLV9yZWd1bGF0b3J5X2RlcGxldGlvbl9wYXR0ZXJucy5wZGYAEwABLwAAFQACAA///wAAgAbSGxwdHlokY2xhc3NuYW1lWCRjbGFzc2VzXU5TTXV0YWJsZURhdGGjHR8gVk5TRGF0YVhOU09iamVjdNIbHCIjXE5TRGljdGlvbmFyeaIiIF8QD05TS2V5ZWRBcmNoaXZlctEmJ1Ryb290gAEACAARABoAIwAtADIANwBAAEYATQBVAGAAZwBqAGwAbgBxAHMAdQB3AIQAjgDXANwA5ANmA2gDbQN4A4EDjwOTA5oDowOoA7UDuAPKA80D0gAAAAAAAAIBAAAAAAAAACgAAAAAAAAAAAAAAAAAAAPU}}

@article{vohs2000self,
	Abstract = {Three studies were conducted to test the behavioral consequences of effortful self-regulation. Individuals with chronic inhibitions about eating were exposed to situations verying in level of self regulatory demand. Subsequently, participants' ability to self regulate was measured. Two studies manipulated self-regulatory demand by exposing participants to good-tasting snack foods, whereas a third study requiered participants to control theire emotional expressions. As hypothesized, exerting self-control during the first task led to decrements in self-control on a subsequent task led. Moreover, these effects were not due to changes in affective state and occurred only when self control was required in the first task. These findings are explained in terms of depletion of self-regulatory resources, which impairs successful volitional control.},
	Author = {Vohs, Kathleen D and Heatherton, Todd F},
	Date-Added = {2013-07-31 11:58:17 +0000},
	Date-Modified = {2013-07-31 12:57:55 +0000},
	Journal = {Psychological Science},
	Number = {3},
	Pages = {249--254},
	Publisher = {SAGE Publications},
	Title = {Self-regulatory failure: A resource-depletion approach},
	Volume = {11},
	Year = {2000},
	Bdsk-File-1 = {YnBsaXN0MDDUAQIDBAUGJCVYJHZlcnNpb25YJG9iamVjdHNZJGFyY2hpdmVyVCR0b3ASAAGGoKgHCBMUFRYaIVUkbnVsbNMJCgsMDxJXTlMua2V5c1pOUy5vYmplY3RzViRjbGFzc6INDoACgAOiEBGABIAFgAdccmVsYXRpdmVQYXRoWWFsaWFzRGF0YV8QPERBL1NlbGYgUmVndWxhdG9yeSBGYWlsdXJlIEEgcmVzb3VyY2UgRGVwbGV0aW9uIGFwcHJvYWNoLnBkZtIXCxgZV05TLmRhdGFPEQJgAAAAAAJgAAIAAAxNYWNpbnRvc2ggSEQAAAAAAAAAAAAAAAAAAADNyRVKSCsAAAAHHIgfU2VsZiBSZWd1bGF0b3J5IEZhaWx1I0RDMTg4LnBkZgAAAAAAAAAAAAAAAAAAAAAAAAAAAAAAAAAAAAAAAAAAAA3BiM3qWMhQREYgAAAAAAABAAMAAAkgAAAAAAAAAAAAAAAAAAAAAkRBABAACAAAzcj5KgAAABEACAAAzeo8qAAAAAEAHAAHHIgABxu6AAX5GgAF9UcABcC8AAXAuwACEikAAgBsTWFjaW50b3NoIEhEOlVzZXJzOgBCdWVyY2tlbDoARG9jdW1lbnRzOgBSZXNlYXJjaDoARWdvIERlcGxldGlvbjoAUGFwZXI6AERBOgBTZWxmIFJlZ3VsYXRvcnkgRmFpbHUjREMxODgucGRmAA4AdAA5AFMAZQBsAGYAIABSAGUAZwB1AGwAYQB0AG8AcgB5ACAARgBhAGkAbAB1AHIAZQAgAEEAIAByAGUAcwBvAHUAcgBjAGUAIABEAGUAcABsAGUAdABpAG8AbgAgAGEAcABwAHIAbwBhAGMAaAAuAHAAZABmAA8AGgAMAE0AYQBjAGkAbgB0AG8AcwBoACAASABEABIAclVzZXJzL0J1ZXJja2VsL0RvY3VtZW50cy9SZXNlYXJjaC9FZ28gRGVwbGV0aW9uL1BhcGVyL0RBL1NlbGYgUmVndWxhdG9yeSBGYWlsdXJlIEEgcmVzb3VyY2UgRGVwbGV0aW9uIGFwcHJvYWNoLnBkZgATAAEvAAAVAAIAD///AACABtIbHB0eWiRjbGFzc25hbWVYJGNsYXNzZXNdTlNNdXRhYmxlRGF0YaMdHyBWTlNEYXRhWE5TT2JqZWN00hscIiNcTlNEaWN0aW9uYXJ5oiIgXxAPTlNLZXllZEFyY2hpdmVy0SYnVHJvb3SAAQAIABEAGgAjAC0AMgA3AEAARgBNAFUAYABnAGoAbABuAHEAcwB1AHcAhACOAM0A0gDaAz4DQANFA1ADWQNnA2sDcgN7A4ADjQOQA6IDpQOqAAAAAAAAAgEAAAAAAAAAKAAAAAAAAAAAAAAAAAAAA6w=}}

@article{gross1998emerging,
	Abstract = {The emerging field of emotion regulation studies how individuals influence which emotions they have, when they have them, and how they experience and express them. This review takes an evolutionary perspective and characterizes emotion in terms of response tendencies. Emotion regulation is denned and distinguished from coping, mood regulation, defense, and affect regulation. In the increasingly specialized disci- pline of psychology, the field of emotion regulation cuts across traditional boundaries and provides common ground. According to a process model of emotion regulation, emotion may be regulated at five points in the emotion generative process: (a) selection of the situation, (b) modification of the situation, (c) deployment of attention, (d) change of cognitions, and (e) modulation of responses. The field of emotion regulation promises new insights into age-old questions about how people manage their emotions.},
	Author = {Gross, James J},
	Date-Added = {2013-07-31 11:56:38 +0000},
	Date-Modified = {2013-07-31 13:06:39 +0000},
	Journal = {Review of General Psychology},
	Number = {3},
	Pages = {271},
	Publisher = {Educational Publishing Foundation},
	Title = {The emerging field of emotion regulation: An integrative review.},
	Volume = {2},
	Year = {1998},
	Bdsk-File-1 = {YnBsaXN0MDDUAQIDBAUGJCVYJHZlcnNpb25YJG9iamVjdHNZJGFyY2hpdmVyVCR0b3ASAAGGoKgHCBMUFRYaIVUkbnVsbNMJCgsMDxJXTlMua2V5c1pOUy5vYmplY3RzViRjbGFzc6INDoACgAOiEBGABIAFgAdccmVsYXRpdmVQYXRoWWFsaWFzRGF0YV8QEkRBL0dyb3NzKDE5OTgpLnBkZtIXCxgZV05TLmRhdGFPEQHSAAAAAAHSAAIAAAxNYWNpbnRvc2ggSEQAAAAAAAAAAAAAAAAAAADNyRVKSCsAAAAHHIgPR3Jvc3MoMTk5OCkucGRmAAAAAAAAAAAAAAAAAAAAAAAAAAAAAAAAAAAAAAAAAAAAAAAAAAAAAAAAAAAAAAAAAAcclM3qWGIAAAAAAAAAAAABAAMAAAkgAAAAAAAAAAAAAAAAAAAAAkRBABAACAAAzcj5KgAAABEACAAAzeo8QgAAAAEAHAAHHIgABxu6AAX5GgAF9UcABcC8AAXAuwACEikAAgBcTWFjaW50b3NoIEhEOlVzZXJzOgBCdWVyY2tlbDoARG9jdW1lbnRzOgBSZXNlYXJjaDoARWdvIERlcGxldGlvbjoAUGFwZXI6AERBOgBHcm9zcygxOTk4KS5wZGYADgAgAA8ARwByAG8AcwBzACgAMQA5ADkAOAApAC4AcABkAGYADwAaAAwATQBhAGMAaQBuAHQAbwBzAGgAIABIAEQAEgBIVXNlcnMvQnVlcmNrZWwvRG9jdW1lbnRzL1Jlc2VhcmNoL0VnbyBEZXBsZXRpb24vUGFwZXIvREEvR3Jvc3MoMTk5OCkucGRmABMAAS8AABUAAgAP//8AAIAG0hscHR5aJGNsYXNzbmFtZVgkY2xhc3Nlc11OU011dGFibGVEYXRhox0fIFZOU0RhdGFYTlNPYmplY3TSGxwiI1xOU0RpY3Rpb25hcnmiIiBfEA9OU0tleWVkQXJjaGl2ZXLRJidUcm9vdIABAAgAEQAaACMALQAyADcAQABGAE0AVQBgAGcAagBsAG4AcQBzAHUAdwCEAI4AowCoALAChgKIAo0CmAKhAq8CswK6AsMCyALVAtgC6gLtAvIAAAAAAAACAQAAAAAAAAAoAAAAAAAAAAAAAAAAAAAC9A==}}

@article{greifeneder2010less,
	Abstract = {Although consumers readily seek choice and abundance, the so-called too-much-choice effect suggests that having many alternatives to choose from eventually leads to negative consequences, such as decreased post-choice satisfaction. The present research extends this research by highlighting the role of choice complexity. It is argued that too-much-choice effects are associated with choice complexity, which is influenced not only by the number of alternatives, but also by other features of the choice set, such as the number of attributes that alternatives are differentiated upon. These other influences of choice complexity may propel or hinder the emergence of too-much-choice effects. Two experiments tested this hypothesis by orthogonally manipulating the number of alternatives and the number of attri- butes. Results revealed a too-much-choice effect when alternatives were differentiated on many attri- butes, but not when alternatives were differentiated on few attributes. Implications for theory and practice are discussed.},
	Author = {Greifeneder, Rainer and Scheibehenne, Benjamin and Kleber, Nina},
	Date-Added = {2013-07-31 11:55:36 +0000},
	Date-Modified = {2013-07-31 12:52:18 +0000},
	Journal = {Acta Psychologica},
	Keywords = {Choice behavior, Consumer behavior, Consumer satisfaction, Complexity},
	Number = {1},
	Pages = {45--50},
	Publisher = {Elsevier},
	Title = {Less may be more when choosing is difficult: Choice complexity and too much choice},
	Volume = {133},
	Year = {2010},
	Bdsk-File-1 = {YnBsaXN0MDDUAQIDBAUGJCVYJHZlcnNpb25YJG9iamVjdHNZJGFyY2hpdmVyVCR0b3ASAAGGoKgHCBMUFRYaIVUkbnVsbNMJCgsMDxJXTlMua2V5c1pOUy5vYmplY3RzViRjbGFzc6INDoACgAOiEBGABIAFgAdccmVsYXRpdmVQYXRoWWFsaWFzRGF0YV8QKERBL0dyZWlmZW5lZGVyU2NoZWliZWhlbm5lS2xlYmVyMjAxMC5wZGbSFwsYGVdOUy5kYXRhTxECJAAAAAACJAACAAAMTWFjaW50b3NoIEhEAAAAAAAAAAAAAAAAAAAAzckVSkgrAAAABxyIH0dyZWlmZW5lZGVyU2NoZWliZWhlbiM3MUM4Qi5wZGYAAAAAAAAAAAAAAAAAAAAAAAAAAAAAAAAAAAAAAAAAAAAHHIvN6lccAAAAAAAAAAAAAQADAAAJIAAAAAAAAAAAAAAAAAAAAAJEQQAQAAgAAM3I+SoAAAARAAgAAM3qOvwAAAABABwABxyIAAcbugAF+RoABfVHAAXAvAAFwLsAAhIpAAIAbE1hY2ludG9zaCBIRDpVc2VyczoAQnVlcmNrZWw6AERvY3VtZW50czoAUmVzZWFyY2g6AEVnbyBEZXBsZXRpb246AFBhcGVyOgBEQToAR3JlaWZlbmVkZXJTY2hlaWJlaGVuIzcxQzhCLnBkZgAOAEwAJQBHAHIAZQBpAGYAZQBuAGUAZABlAHIAUwBjAGgAZQBpAGIAZQBoAGUAbgBuAGUASwBsAGUAYgBlAHIAMgAwADEAMAAuAHAAZABmAA8AGgAMAE0AYQBjAGkAbgB0AG8AcwBoACAASABEABIAXlVzZXJzL0J1ZXJja2VsL0RvY3VtZW50cy9SZXNlYXJjaC9FZ28gRGVwbGV0aW9uL1BhcGVyL0RBL0dyZWlmZW5lZGVyU2NoZWliZWhlbm5lS2xlYmVyMjAxMC5wZGYAEwABLwAAFQACAA///wAAgAbSGxwdHlokY2xhc3NuYW1lWCRjbGFzc2VzXU5TTXV0YWJsZURhdGGjHR8gVk5TRGF0YVhOU09iamVjdNIbHCIjXE5TRGljdGlvbmFyeaIiIF8QD05TS2V5ZWRBcmNoaXZlctEmJ1Ryb290gAEACAARABoAIwAtADIANwBAAEYATQBVAGAAZwBqAGwAbgBxAHMAdQB3AIQAjgC5AL4AxgLuAvAC9QMAAwkDFwMbAyIDKwMwAz0DQANSA1UDWgAAAAAAAAIBAAAAAAAAACgAAAAAAAAAAAAAAAAAAANc}}

@article{ellemers2002self,
	Abstract = {In this chapter, we examine the self and identity by considering the different conditions under which these are affected by the groups to which people belong. From a social identity perspective we argue that group commitment, on the one hand, and features of the social context, on the other hand, are crucial determinants of central identity concerns. We develop a taxonomy of situations to reflect the different concerns and motives that come into play as a result of threats to personal and group identity and degree of commitment to the group. We specify for each cell in this taxonomy how these issues of self and social identity impinge upon a broad variety of responses at the perceptual, affective, and behavioral level.},
	Author = {Ellemers, Naomi and Spears, Russell and Doosje, Bertjan},
	Date-Added = {2013-07-31 11:53:56 +0000},
	Date-Modified = {2013-07-31 12:54:15 +0000},
	Journal = {Annual review of psychology},
	Keywords = {identity threat, group commitment, social context, identity functions, group distinctiveness},
	Number = {1},
	Pages = {161--186},
	Publisher = {Annual Reviews 4139 El Camino Way, PO Box 10139, Palo Alto, CA 94303-0139, USA},
	Title = {Self and Social Identity*},
	Volume = {53},
	Year = {2002},
	Bdsk-File-1 = {YnBsaXN0MDDUAQIDBAUGJCVYJHZlcnNpb25YJG9iamVjdHNZJGFyY2hpdmVyVCR0b3ASAAGGoKgHCBMUFRYaIVUkbnVsbNMJCgsMDxJXTlMua2V5c1pOUy5vYmplY3RzViRjbGFzc6INDoACgAOiEBGABIAFgAdccmVsYXRpdmVQYXRoWWFsaWFzRGF0YV8QG0RBL0VsbGVtZXJzU3BlYXJzRG9vc2plLnBkZtIXCxgZV05TLmRhdGFPEQH4AAAAAAH4AAIAAAxNYWNpbnRvc2ggSEQAAAAAAAAAAAAAAAAAAADNyRVKSCsAAAAHHIgYRWxsZW1lcnNTcGVhcnNEb29zamUucGRmAAAAAAAAAAAAAAAAAAAAAAAAAAAAAAAAAAAAAAAAAAAAAAAAAAAAAAccjc3qWHYAAAAAAAAAAAABAAMAAAkgAAAAAAAAAAAAAAAAAAAAAkRBABAACAAAzcj5KgAAABEACAAAzeo8VgAAAAEAHAAHHIgABxu6AAX5GgAF9UcABcC8AAXAuwACEikAAgBlTWFjaW50b3NoIEhEOlVzZXJzOgBCdWVyY2tlbDoARG9jdW1lbnRzOgBSZXNlYXJjaDoARWdvIERlcGxldGlvbjoAUGFwZXI6AERBOgBFbGxlbWVyc1NwZWFyc0Rvb3NqZS5wZGYAAA4AMgAYAEUAbABsAGUAbQBlAHIAcwBTAHAAZQBhAHIAcwBEAG8AbwBzAGoAZQAuAHAAZABmAA8AGgAMAE0AYQBjAGkAbgB0AG8AcwBoACAASABEABIAUVVzZXJzL0J1ZXJja2VsL0RvY3VtZW50cy9SZXNlYXJjaC9FZ28gRGVwbGV0aW9uL1BhcGVyL0RBL0VsbGVtZXJzU3BlYXJzRG9vc2plLnBkZgAAEwABLwAAFQACAA///wAAgAbSGxwdHlokY2xhc3NuYW1lWCRjbGFzc2VzXU5TTXV0YWJsZURhdGGjHR8gVk5TRGF0YVhOU09iamVjdNIbHCIjXE5TRGljdGlvbmFyeaIiIF8QD05TS2V5ZWRBcmNoaXZlctEmJ1Ryb290gAEACAARABoAIwAtADIANwBAAEYATQBVAGAAZwBqAGwAbgBxAHMAdQB3AIQAjgCsALEAuQK1ArcCvALHAtAC3gLiAukC8gL3AwQDBwMZAxwDIQAAAAAAAAIBAAAAAAAAACgAAAAAAAAAAAAAAAAAAAMj}}

@article{wheeler2007resistance,
	Abstract = {Counterarguing persuasive messages requires active control processes (e.g., generation and application of contradictory information) similar to those involved in other forms of self-regulation. Prior research has indicated that self-regulation ability is a Wnite resource sub- ject to temporary depletion with use, and so engaging in self-regulatory tasks could impair individuals' ability to subsequently counterar- gue. Participants completed an initial task designed to deplete or not deplete their regulatory resources. Following the manipulation, participants read a message supporting a counterattitudinal policy. Results indicated that prior self-regulation reduced subsequent resis- tance, primarily when the message arguments were specious. Counterargument appears to be a self-regulatory process that can be under- mined when self-regulatory resources have previously been diminished.
{\copyright} 2006 Elsevier Inc. All rights reserved.},
	Author = {Wheeler, S Christian and Bri{\~n}ol, Pablo and Hermann, Anthony D},
	Date-Added = {2013-07-31 11:52:46 +0000},
	Date-Modified = {2013-07-31 12:53:47 +0000},
	Journal = {Journal of Experimental Social Psychology},
	Keywords = {Ego-depletion; Self-regulation; Resistance to persuasion; Attitude change; Acquiescence},
	Number = {1},
	Pages = {150--156},
	Publisher = {Elsevier},
	Title = {Resistance to persuasion as self-regulation: Ego-depletion and its effects on attitude change processes},
	Volume = {43},
	Year = {2007},
	Bdsk-File-1 = {YnBsaXN0MDDUAQIDBAUGJCVYJHZlcnNpb25YJG9iamVjdHNZJGFyY2hpdmVyVCR0b3ASAAGGoKgHCBMUFRYaIVUkbnVsbNMJCgsMDxJXTlMua2V5c1pOUy5vYmplY3RzViRjbGFzc6INDoACgAOiEBGABIAFgAdccmVsYXRpdmVQYXRoWWFsaWFzRGF0YV8QRkRBL0Vnb0RlcGxldGlvbiBhbmQgaXRzIGVmZmVjdHMgb24gYXR0aXR1ZGUgc2NoYW5nZSBwcm9jZXNzZXNfMjAwNi5wZGbSFwsYGVdOUy5kYXRhTxECfgAAAAACfgACAAAMTWFjaW50b3NoIEhEAAAAAAAAAAAAAAAAAAAAzckVSkgrAAAABxyIH0Vnb0RlcGxldGlvbiBhbmQgaXRzICM3MUM5RC5wZGYAAAAAAAAAAAAAAAAAAAAAAAAAAAAAAAAAAAAAAAAAAAAHHJ3N6ljKAAAAAAAAAAAAAQADAAAJIAAAAAAAAAAAAAAAAAAAAAJEQQAQAAgAAM3I+SoAAAARAAgAAM3qPKoAAAABABwABxyIAAcbugAF+RoABfVHAAXAvAAFwLsAAhIpAAIAbE1hY2ludG9zaCBIRDpVc2VyczoAQnVlcmNrZWw6AERvY3VtZW50czoAUmVzZWFyY2g6AEVnbyBEZXBsZXRpb246AFBhcGVyOgBEQToARWdvRGVwbGV0aW9uIGFuZCBpdHMgIzcxQzlELnBkZgAOAIgAQwBFAGcAbwBEAGUAcABsAGUAdABpAG8AbgAgAGEAbgBkACAAaQB0AHMAIABlAGYAZgBlAGMAdABzACAAbwBuACAAYQB0AHQAaQB0AHUAZABlACAAcwBjAGgAYQBuAGcAZQAgAHAAcgBvAGMAZQBzAHMAZQBzAF8AMgAwADAANgAuAHAAZABmAA8AGgAMAE0AYQBjAGkAbgB0AG8AcwBoACAASABEABIAfFVzZXJzL0J1ZXJja2VsL0RvY3VtZW50cy9SZXNlYXJjaC9FZ28gRGVwbGV0aW9uL1BhcGVyL0RBL0Vnb0RlcGxldGlvbiBhbmQgaXRzIGVmZmVjdHMgb24gYXR0aXR1ZGUgc2NoYW5nZSBwcm9jZXNzZXNfMjAwNi5wZGYAEwABLwAAFQACAA///wAAgAbSGxwdHlokY2xhc3NuYW1lWCRjbGFzc2VzXU5TTXV0YWJsZURhdGGjHR8gVk5TRGF0YVhOU09iamVjdNIbHCIjXE5TRGljdGlvbmFyeaIiIF8QD05TS2V5ZWRBcmNoaXZlctEmJ1Ryb290gAEACAARABoAIwAtADIANwBAAEYATQBVAGAAZwBqAGwAbgBxAHMAdQB3AIQAjgDXANwA5ANmA2gDbQN4A4EDjwOTA5oDowOoA7UDuAPKA80D0gAAAAAAAAIBAAAAAAAAACgAAAAAAAAAAAAAAAAAAAPU}}

@article{muraven2000self,
	Abstract = {The authors review evidence that self-control may consume a limited resource. Exerting self-control may consume self-control strength, reducing the amount of strength available for subsequent self-control efforts. Coping with stress, regulating negative affect, and resisting temptations require self-control, and after such self-control efforts, subsequent attempts at self-control are more likely to fail. Continuous self-control efforts, such as vigilance, also degrade over time. These decrements in self-control are probably not due to negative moods or learned helplessness produced by the initial self-control attempt. These decrements appear to be specific to behaviors that involve self-control; behaviors that do not require self-control neither consume nor require self-control strength. It is concluded that the executive component of the self--in particular, inhibition--relies on a limited, consumable resource.

Paper: self regulation and depletion of limited resources: Does self control re-semble a muscle?
``self-control may consume a limited resource``\cite{muraven2000self}
Theoretical paper onself control and self control failure
Result: 
1.There is extensive evidence to suggest that after one act of self-control, the self-control of other, unrelated behaviors is worse.
2.Thus, models of the aftereffects of self-control that de- pend on negative emotions or learned helplessness probably cannot account for these findings. Behaviors that are effortful but do not require self-control do not impair self-control, either. In short, the strength model of self-control may be necessary to account for the findings.
3. Overall, the results are consistent with the predic- tions of the limited strength model and inconsistent with other models.
},
	Author = {Muraven, Mark and Baumeister, Roy F},
	Date-Added = {2013-07-31 11:51:31 +0000},
	Date-Modified = {2013-08-04 13:29:33 +0000},
	Journal = {Psychological Bulletin},
	Number = {2},
	Pages = {247},
	Publisher = {American Psychological Association},
	Title = {Self-regulation and depletion of limited resources: Does self-control resemble a muscle?},
	Volume = {126},
	Year = {2000},
	Bdsk-File-1 = {YnBsaXN0MDDUAQIDBAUGJCVYJHZlcnNpb25YJG9iamVjdHNZJGFyY2hpdmVyVCR0b3ASAAGGoKgHCBMUFRYaIVUkbnVsbNMJCgsMDxJXTlMua2V5c1pOUy5vYmplY3RzViRjbGFzc6INDoACgAOiEBGABIAFgAdccmVsYXRpdmVQYXRoWWFsaWFzRGF0YV8QJkRBL0J1cm1laXN0ZXIgU2VsZmNvbnRyb2wgYSBtdXNjbGUucGRm0hcLGBlXTlMuZGF0YU8RAh4AAAAAAh4AAgAADE1hY2ludG9zaCBIRAAAAAAAAAAAAAAAAAAAAM3JFUpIKwAAAAcciB9CdXJtZWlzdGVyIFNlbGZjb250cm8jNzdGOTMucGRmAAAAAAAAAAAAAAAAAAAAAAAAAAAAAAAAAAAAAAAAAAAAB3+TzepYkFBERiAAAAAAAAEAAwAACSAAAAAAAAAAAAAAAAAAAAACREEAEAAIAADNyPkqAAAAEQAIAADN6jxwAAAAAQAcAAcciAAHG7oABfkaAAX1RwAFwLwABcC7AAISKQACAGxNYWNpbnRvc2ggSEQ6VXNlcnM6AEJ1ZXJja2VsOgBEb2N1bWVudHM6AFJlc2VhcmNoOgBFZ28gRGVwbGV0aW9uOgBQYXBlcjoAREE6AEJ1cm1laXN0ZXIgU2VsZmNvbnRybyM3N0Y5My5wZGYADgBIACMAQgB1AHIAbQBlAGkAcwB0AGUAcgAgAFMAZQBsAGYAYwBvAG4AdAByAG8AbAAgAGEAIABtAHUAcwBjAGwAZQAuAHAAZABmAA8AGgAMAE0AYQBjAGkAbgB0AG8AcwBoACAASABEABIAXFVzZXJzL0J1ZXJja2VsL0RvY3VtZW50cy9SZXNlYXJjaC9FZ28gRGVwbGV0aW9uL1BhcGVyL0RBL0J1cm1laXN0ZXIgU2VsZmNvbnRyb2wgYSBtdXNjbGUucGRmABMAAS8AABUAAgAP//8AAIAG0hscHR5aJGNsYXNzbmFtZVgkY2xhc3Nlc11OU011dGFibGVEYXRhox0fIFZOU0RhdGFYTlNPYmplY3TSGxwiI1xOU0RpY3Rpb25hcnmiIiBfEA9OU0tleWVkQXJjaGl2ZXLRJidUcm9vdIABAAgAEQAaACMALQAyADcAQABGAE0AVQBgAGcAagBsAG4AcQBzAHUAdwCEAI4AtwC8AMQC5gLoAu0C+AMBAw8DEwMaAyMDKAM1AzgDSgNNA1IAAAAAAAACAQAAAAAAAAAoAAAAAAAAAAAAAAAAAAADVA==}}

@article{baumeister1998ego,
	Abstract = {Choice,active response, self-regulation, and other volition may all draw on a common inner resource. In Experiment 1, people who forced themselves to eat radishes instead of tempting chocolates subsequently quit faster on unsolvable puzzles than people who had not had to exert self-control over eating. In Experiment 2, making a meaningful personal choice to perform attitude-relevant behavior caused a similar decrement in persistence. In Experiment 3, suppressing emotion led to a subsequent drop in performance of solvable anagrams. In Experiment 4, an initial task requiring highself-regulation made people more passive (i.e.,more prone to favor the passive-response option). These results suggest that the self's capacity for active volition is limited and that a range of seemingly different, unrelated acts share a common resource.},
	Author = {Baumeister, Roy F and Bratslavsky, Ellen and Muraven, Mark and Tice, Dianne M},
	Date-Added = {2013-07-31 11:50:47 +0000},
	Date-Modified = {2013-08-01 13:43:43 +0000},
	Journal = {Journal of Personality and Social psychology},
	Number = {5},
	Pages = {1252},
	Publisher = {American Psychological Association},
	Title = {Ego depletion: Is the active self a limited resource?},
	Volume = {74},
	Year = {1998},
	Bdsk-File-1 = {YnBsaXN0MDDUAQIDBAUGJCVYJHZlcnNpb25YJG9iamVjdHNZJGFyY2hpdmVyVCR0b3ASAAGGoKgHCBMUFRYaIVUkbnVsbNMJCgsMDxJXTlMua2V5c1pOUy5vYmplY3RzViRjbGFzc6INDoACgAOiEBGABIAFgAdccmVsYXRpdmVQYXRoWWFsaWFzRGF0YV8QH0RBL0J1cm1laXN0ZXIgRWdvIERlcGxldGlvbi5wZGbSFwsYGVdOUy5kYXRhTxECCAAAAAACCAACAAAMTWFjaW50b3NoIEhEAAAAAAAAAAAAAAAAAAAAzckVSkgrAAAABxyIHEJ1cm1laXN0ZXIgRWdvIERlcGxldGlvbi5wZGYAAAAAAAAAAAAAAAAAAAAAAAAAAAAAAAAAAAAAAAAAAAAAAAAHXOXN6likUERGIAAAAAAAAQADAAAJIAAAAAAAAAAAAAAAAAAAAAJEQQAQAAgAAM3I+SoAAAARAAgAAM3qPIQAAAABABwABxyIAAcbugAF+RoABfVHAAXAvAAFwLsAAhIpAAIAaU1hY2ludG9zaCBIRDpVc2VyczoAQnVlcmNrZWw6AERvY3VtZW50czoAUmVzZWFyY2g6AEVnbyBEZXBsZXRpb246AFBhcGVyOgBEQToAQnVybWVpc3RlciBFZ28gRGVwbGV0aW9uLnBkZgAADgA6ABwAQgB1AHIAbQBlAGkAcwB0AGUAcgAgAEUAZwBvACAARABlAHAAbABlAHQAaQBvAG4ALgBwAGQAZgAPABoADABNAGEAYwBpAG4AdABvAHMAaAAgAEgARAASAFVVc2Vycy9CdWVyY2tlbC9Eb2N1bWVudHMvUmVzZWFyY2gvRWdvIERlcGxldGlvbi9QYXBlci9EQS9CdXJtZWlzdGVyIEVnbyBEZXBsZXRpb24ucGRmAAATAAEvAAAVAAIAD///AACABtIbHB0eWiRjbGFzc25hbWVYJGNsYXNzZXNdTlNNdXRhYmxlRGF0YaMdHyBWTlNEYXRhWE5TT2JqZWN00hscIiNcTlNEaWN0aW9uYXJ5oiIgXxAPTlNLZXllZEFyY2hpdmVy0SYnVHJvb3SAAQAIABEAGgAjAC0AMgA3AEAARgBNAFUAYABnAGoAbABuAHEAcwB1AHcAhACOALAAtQC9AskCywLQAtsC5ALyAvYC/QMGAwsDGAMbAy0DMAM1AAAAAAAAAgEAAAAAAAAAKAAAAAAAAAAAAAAAAAAAAzc=}}

@article{pocheptsova2009deciding,
	Abstract = {Although choices can occur after careful deliberation, many everyday choices are usually effortless and are guided by intuitive thinking. This research examines the implications of the interplay between these two types of decision processes for context effects in choice by exploring the consequences of the depletion of executive resources in a prior, unrelated task. Building on a substantial body of psychological literature that points to a single underlying resource used for self-regulation and executive control, this article demonstrates that resource depletion has a systematic influence on choice in context. Specifically, resource depletion enhances the role of intuitive reasoning by impairing deliberate, careful processing. In five experiments, the authors find that resource depletion increases the share of reference-dependent choices, decreases the compromise effect, and magnifies the attraction effect. The results shed light on the mechanisms underlying context effects in choice and suggest that the scope of the depleted resource is not constrained to self- regulation activities but rather extends to choice in general.},
	Author = {Pocheptsova, Anastasiya and Amir, On and Dhar, Ravi and Baumeister, Roy F},
	Date-Added = {2013-07-31 11:49:49 +0000},
	Date-Modified = {2013-07-31 12:47:00 +0000},
	Journal = {Journal of Marketing Research},
	Keywords = {behavioral decision theory, context-dependent preferences, resource depletion, constructed preferences, choice constriction},
	Number = {3},
	Pages = {344--355},
	Publisher = {Am Marketing Assoc},
	Title = {Deciding without resources: Resource depletion and choice in context},
	Volume = {46},
	Year = {2009},
	Bdsk-File-1 = {YnBsaXN0MDDUAQIDBAUGJCVYJHZlcnNpb25YJG9iamVjdHNZJGFyY2hpdmVyVCR0b3ASAAGGoKgHCBMUFRYaIVUkbnVsbNMJCgsMDxJXTlMua2V5c1pOUy5vYmplY3RzViRjbGFzc6INDoACgAOiEBGABIAFgAdccmVsYXRpdmVQYXRoWWFsaWFzRGF0YV8QLERBL0J1cm1laXN0ZXIgRGVjaWRpbmcgd2l0aG91dCBSZXNvdXJjZXMucGRm0hcLGBlXTlMuZGF0YU8RAjAAAAAAAjAAAgAADE1hY2ludG9zaCBIRAAAAAAAAAAAAAAAAAAAAM3JFUpIKwAAAAcciB9CdXJtZWlzdGVyIERlY2lkaW5nIHcjRDVBNjcucGRmAAAAAAAAAAAAAAAAAAAAAAAAAAAAAAAAAAAAAAAAAAAADVpnzepYqFBERiAAAAAAAAEAAwAACSAAAAAAAAAAAAAAAAAAAAACREEAEAAIAADNyPkqAAAAEQAIAADN6jyIAAAAAQAcAAcciAAHG7oABfkaAAX1RwAFwLwABcC7AAISKQACAGxNYWNpbnRvc2ggSEQ6VXNlcnM6AEJ1ZXJja2VsOgBEb2N1bWVudHM6AFJlc2VhcmNoOgBFZ28gRGVwbGV0aW9uOgBQYXBlcjoAREE6AEJ1cm1laXN0ZXIgRGVjaWRpbmcgdyNENUE2Ny5wZGYADgBUACkAQgB1AHIAbQBlAGkAcwB0AGUAcgAgAEQAZQBjAGkAZABpAG4AZwAgAHcAaQB0AGgAbwB1AHQAIABSAGUAcwBvAHUAcgBjAGUAcwAuAHAAZABmAA8AGgAMAE0AYQBjAGkAbgB0AG8AcwBoACAASABEABIAYlVzZXJzL0J1ZXJja2VsL0RvY3VtZW50cy9SZXNlYXJjaC9FZ28gRGVwbGV0aW9uL1BhcGVyL0RBL0J1cm1laXN0ZXIgRGVjaWRpbmcgd2l0aG91dCBSZXNvdXJjZXMucGRmABMAAS8AABUAAgAP//8AAIAG0hscHR5aJGNsYXNzbmFtZVgkY2xhc3Nlc11OU011dGFibGVEYXRhox0fIFZOU0RhdGFYTlNPYmplY3TSGxwiI1xOU0RpY3Rpb25hcnmiIiBfEA9OU0tleWVkQXJjaGl2ZXLRJidUcm9vdIABAAgAEQAaACMALQAyADcAQABGAE0AVQBgAGcAagBsAG4AcQBzAHUAdwCEAI4AvQDCAMoC/gMAAwUDEAMZAycDKwMyAzsDQANNA1ADYgNlA2oAAAAAAAACAQAAAAAAAAAoAAAAAAAAAAAAAAAAAAADbA==}}

@article{baumeister2008free,
	Abstract = {Consumer behavior offers a useful window on human nature, through which many distinctively human patterns of cognition and behavior can be observed. Consumer behavior should therefore be of central interest to a broad range of psychologists. These patterns include much of what is commonly understood as free will. Our approach to understanding free will sidesteps metaphysical and theological debates. Belief in free will is pervasive in human social life and contributes to its benefits. Evolution endowed humans with a new form of action control, which is what people understand by free will. Its complexity and flexibility are suited to the distinctively human forms of social life in culture, with its abstract rules, expanded time span, diverse interdependent roles, and other sources of opportunities and constraints. Self-control, planful action, and rational choice are vital forms of free will in this sense. The capacity for self-control and intelligent decision making involves a common, limited resource that uses the body's basic energy supply. When this resource is depleted, self-control fails and decision making is impaired.
{\copyright} 2007 Society for Consumer Psychology. Published by Elsevier Inc. All rights reserved.},
	Author = {Baumeister, Roy F and Sparks, Erin A and Stillman, Tyler F and Vohs, Kathleen D},
	Date-Added = {2013-07-31 11:20:31 +0000},
	Date-Modified = {2013-07-31 12:51:06 +0000},
	Journal = {Journal of Consumer Psychology},
	Number = {1},
	Pages = {4--13},
	Publisher = {Elsevier},
	Title = {Free will in consumer behavior: Self-control, ego depletion, and choice},
	Volume = {18},
	Year = {2008},
	Bdsk-File-1 = {YnBsaXN0MDDUAQIDBAUGJCVYJHZlcnNpb25YJG9iamVjdHNZJGFyY2hpdmVyVCR0b3ASAAGGoKgHCBMUFRYaIVUkbnVsbNMJCgsMDxJXTlMua2V5c1pOUy5vYmplY3RzViRjbGFzc6INDoACgAOiEBGABIAFgAdccmVsYXRpdmVQYXRoWWFsaWFzRGF0YV5EQS85MTk3My0xLnBkZtIXCxgZV05TLmRhdGFPEQHCAAAAAAHCAAIAAAxNYWNpbnRvc2ggSEQAAAAAAAAAAAAAAAAAAADNyRVKSCsAAAAHHIgLOTE5NzMtMS5wZGYAAAAAAAAAAAAAAAAAAAAAAAAAAAAAAAAAAAAAAAAAAAAAAAAAAAAAAAAAAAAAAAAAAAAAAAcvK84ewuYAAAAAAAAAAAABAAMAAAkgAAAAAAAAAAAAAAAAAAAAAkRBABAACAAAzcj5KgAAABEACAAAzh6mxgAAAAEAHAAHHIgABxu6AAX5GgAF9UcABcC8AAXAuwACEikAAgBYTWFjaW50b3NoIEhEOlVzZXJzOgBCdWVyY2tlbDoARG9jdW1lbnRzOgBSZXNlYXJjaDoARWdvIERlcGxldGlvbjoAUGFwZXI6AERBOgA5MTk3My0xLnBkZgAOABgACwA5ADEAOQA3ADMALQAxAC4AcABkAGYADwAaAAwATQBhAGMAaQBuAHQAbwBzAGgAIABIAEQAEgBEVXNlcnMvQnVlcmNrZWwvRG9jdW1lbnRzL1Jlc2VhcmNoL0VnbyBEZXBsZXRpb24vUGFwZXIvREEvOTE5NzMtMS5wZGYAEwABLwAAFQACAA///wAAgAbSGxwdHlokY2xhc3NuYW1lWCRjbGFzc2VzXU5TTXV0YWJsZURhdGGjHR8gVk5TRGF0YVhOU09iamVjdNIbHCIjXE5TRGljdGlvbmFyeaIiIF8QD05TS2V5ZWRBcmNoaXZlctEmJ1Ryb290gAEACAARABoAIwAtADIANwBAAEYATQBVAGAAZwBqAGwAbgBxAHMAdQB3AIQAjgCdAKIAqgJwAnICdwKCAosCmQKdAqQCrQKyAr8CwgLUAtcC3AAAAAAAAAIBAAAAAAAAACgAAAAAAAAAAAAAAAAAAALe}}
