@book{bogucka84,
author      = "sda",
title       = "sjdksa",
date        = "1984",
publisher   = "djsk",
location    = "sdjsa",
}

