%% LaTeX2e file `test.bib'
%% generated by the `filecontents' environment
%% from source `mwe4' on 2013/09/30.
%%
@book{Brosse.1995,
 author = "Brsse, Ulrich",
 title = "konomisches erhalten als bester eg zu einer nachhaltigen mweltverbesserung",
 booktitle = "konomie contra ologie?",
 date = 1995
}
